2574 4732
547 336 638 406 nno.
796 359 798 364 ·
1060 343 1125 420 ιω

68 500 199 558 Romani
220 496 378 558 Pontificis
402 498 536 554 nomine.
577 495 660 571 Quid
685 499 764 554 enim
788 515 850 554 non
875 501 1037 573 auderent,
1067 506 1119 577 qui

69 596 126 651 sub
146 595 234 668 Pepae
249 593 371 650 nomine
394 593 475 648 salsis
493 591 639 647 brevibus
656 608 706 646 me
726 593 833 662 citant,
859 608 1002 668 monent,
1030 615 1122 655 accu-

67 699 153 759 sant,
173 690 329 751 damnant,
349 687 527 742 hereticum
546 685 723 741 declarant?

138 781 240 838 Fidem
262 790 361 836 autem
381 780 456 835 mihi
478 778 569 850 tecit,
593 795 660 834 mee
682 794 749 835 esse
770 795 841 834 snus
866 789 897 834 et
915 789 1016 849 recte,
1035 782 1120 853 quod
1199 838 1202 843 .

66 876 119 946 hi,
147 876 198 948 qui
225 874 302 946 apud
327 882 449 928 exterus
464 873 606 928 'nationes
626 878 714 940 suut,
741 878 772 926 et
794 873 892 927 neutri
917 874 1045 943 partium
1069 877 1121 932 ud.

66 971 201 1038 haerent,
226 967 456 1037 ingeniosissimi
479 977 511 1023 et
536 965 722 1034 doctissimi,
744 965 820 1021 mihi
839 965 1000 1036 plurimum
1020 976 1120 1034 grem.

66 1066 183 1121 lentur:
209 1062 291 1134 quod
311 1065 342 1116 et
363 1061 499 1117 eccidete
524 1060 696 1116 reverendus
720 1059 896 1116 Perennitati
913 1065 974 1114 ture
994 1060 1121 1118 tirmiter

67 1156 268 1227 crediderim,
293 1156 399 1226 eiprse
416 1154 546 1225 negotiis
562 1162 701 1222 vacaret,
726 1159 796 1211 ures
818 1152 998 1226 scripteeel
1019 1154 1121 1224 legere

67 1249 115 1307 vei
135 1251 249 1307 audire.
997 1239 1000 1245 ’

136 1338 288 1412 Proinde,
319 1342 441 1415 quando
462 1357 519 1414 ego
549 1342 610 1398 non
631 1339 756 1411 possum
776 1339 908 1410 offendi,
935 1340 992 1398 nisi
1009 1341 1122 1400 veritus

67 1439 156 1498 simul
175 1436 361 1505 offendetur,
386 1437 411 1492 si
432 1434 586 1508 reprobor
602 1435 737 1504 auditus,
765 1444 816 1491 out
835 1445 1019 1492 contemnor
1039 1436 1123 1516 nudi.

67 1543 154 1590 turus
176 1527 296 1603 (neque
316 1531 395 1586 enirn
411 1530 489 1585 uliud
508 1530 609 1584 fucere
625 1532 749 1598 possunt
764 1529 907 1601 amplius,
927 1532 1017 1601 quatu
1035 1530 1120 1602 qu'od

67 1626 238 1683 auditurum
252 1617 620 1698 mepoiliceormeiiora,
639 1619 759 1677 sibona
777 1638 838 1677 non
856 1636 940 1691 sunt,
962 1622 992 1678 in
1010 1612 1122 1711 quibus
1155 1646 1162 1653 ·

67 1721 215 1785 audino:
249 1706 333 1774 volui
363 1716 412 1773 his
444 1716 540 1772 literis
566 1715 738 1770 reverendas
764 1715 942 1772 Paternitati
970 1725 1027 1772 tuae
1055 1726 1121 1773 turn

65 1829 169 1887 meum
197 1788 333 1867 deicitum
363 1809 494 1865 odicium
516 1791 708 1878 persolvere,
734 1826 773 1864 ne
792 1795 944 1866 Dominus
962 1826 1049 1865 meus
1067 1812 1122 1866 eli.

66 1924 128 1979 quo
147 1904 215 1961 Sibe
234 1904 283 1959 vel
305 1903 570 1974 pseudopropheta
598 1903 756 1959 Zedechia
776 1912 1057 1975 praeoccuparetur,
1089 1912 1123 1959 et

67 2000 104 2054 ed
127 1998 201 2053 tenti
225 1996 368 2068 Episcopi
385 1995 559 2067 exemptum
579 1995 698 2069 plurimi
722 1995 830 2052 similia
845 2007 1003 2068 saperent,
1029 2007 1120 2069 etque
1143 2017 1144 2021 ¹

66 2092 107 2147 ita
137 2106 207 2146 meo
233 2089 369 2151 silentio,
399 2108 460 2146 non
486 2107 583 2146 meam
610 2090 732 2161 quidem
761 2090 870 2145 samem
884 2132 895 2160 ‚
924 2092 978 2147 sed
1006 2090 1121 2148 Christi

67 2185 195 2253 gloriam
218 2184 392 2257 pessundari
415 2185 644 2257 permitterem:
674 2194 740 2258 tutu
765 2184 922 2240 humiliter
946 2194 977 2240 et
1005 2183 1120 2242 obnixe

65 2291 174 2350 rogare
185 2315 209 2349 ‚‚
225 2289 259 2335 ut
276 2280 442 2335 reverende
465 2277 635 2335 Paternitas
657 2287 709 2332 tnn
727 2277 801 2333 vetit
822 2293 920 2346 meum
939 2279 1119 2351 parvitatem

66 2389 126 2430 sun
158 2373 323 2431 clementius
355 2372 470 2428 hebere
503 2372 766 2434 commendatum.
802 2381 834 2426 et
857 2373 882 2428 si
911 2387 960 2427 me
989 2387 1119 2444 usquam

67 2482 184 2522 errasse
206 2467 287 2522 norit
303 2475 354 2522 tut
373 2467 497 2532 credat,
525 2477 647 2536 paterne
666 2482 837 2533 revocare,
868 2477 898 2520 et
916 2465 1054 2521 errorein
1075 2465 1122 2519 in.

68 2560 179 2615 dicare.
770 2552 772 2557 ⁸

136 2650 215 2706 Nem
243 2651 325 2720 quod
353 2651 390 2706 de
414 2657 564 2722 potestate
587 2650 717 2706 Romani
749 2649 906 2706 Pontificis
933 2658 963 2703 et
988 2658 1118 2718 utraque

67 2744 169 2816 specie
192 2743 375 2798 sacrementi
401 2744 430 2798 in
456 2759 505 2797 me
530 2751 648 2823 tuntum
677 2743 812 2812 elevent,
836 2741 957 2798 contido
980 2743 1119 2814 proprios

67 2851 177 2895 eorum
201 2833 400 2891 conscientias
418 2851 474 2905 pro
493 2851 541 2888 me
557 2833 731 2903 tesdficnri,
755 2851 813 2892 nec
830 2836 989 2893 dissentire
1007 2811 1066 2892 nos
1088 2836 1120 2892 ιιι

67 2946 103 2986 ee
129 2947 182 2999 re,
213 2929 268 2985 uisi
296 2929 377 2984 torte
406 2928 474 2985 soio
500 2928 631 2985 nomine.
678 2927 792 2984 Verum
815 2918 903 2996 dapis
921 2931 970 2987 his
995 2946 1118 3002 quoque

66 3025 154 3081 Deus
173 3039 262 3081 suum
279 3022 384 3092 finem,
403 3023 454 3095 qui
469 3023 665 3097 reverendam
685 3021 902 3080 Paternitatem
919 3034 1001 3083 tuem
1016 3030 1121 3080 emet

67 3137 103 3175 nc
116 3131 200 3189 reget
214 3121 244 3174 in
258 3117 378 3184 saecula,
392 3118 501 3174 Amen.
519 3117 634 3173 Datum
643 3116 889 3187 Wittembergae,
909 3113 936 3173 i.
950 3116 1119 3196 Februarii,

65 3230 146 3276 anno
165 3199 301 3270 MDxx.
972 3263 973 3267 ,

136 3307 320 3364 Reverendo
330 3305 528 3368 Paternitstis
546 3315 603 3362 tuae
620 3300 821 3381 pauperculus
839 3316 981 3385 precetur

722 3400 756 3460 Β.
775 3400 928 3459 Martinus
945 3400 1118 3465 Lutherue

348 3687 865 3718 ..Ἣ
