2574 4732
598 331 688 398 1520.
1111 331 1172 409 439

122 490 175 547 aed
195 487 293 545 tamen
319 503 407 545 usum
434 489 497 559 ejus
520 505 581 543 non
607 491 697 561 poe'e'e
727 505 793 546 esee
820 489 934 547 bonum
949 500 963 555 .'
989 493 1045 549 uisi
1074 495 1169 562 gratia

122 584 176 639 sed
199 583 277 639 bene
304 583 498 650 inchoative‚
530 583 560 638 id
585 592 655 652 eet,
685 583 836 639 influentia
858 585 987 654 generali
1009 578 1170 659 possumus

122 677 230 750 aliquirl
261 679 379 745 lacere,
408 677 472 732 hoo
498 686 544 731 est
568 676 688 747 dicere,
716 679 835 734 nostrie
868 678 984 734 viribus
1009 698 1170 755 possumus

121 770 240 836 (stante
262 771 411 826 influentia
429 767 582 839 generali)
606 786 663 826 nos
684 787 790 842 parare
814 773 850 826 ad
878 771 1003 840 gratiam
1024 776 1171 847 reeipien.

121 865 190 919 dam
220 880 273 920 eeu
307 864 487 918 influentiam
521 864 704 934 specialem,
734 872 769 919 nt
792 865 981 920 meritorium
1011 865 1170 924 iaoiamnea

120 959 173 1013 sed
195 973 255 1013 non
278 973 438 1028 possumne
461 960 564 1011 eadem
582 958 732 1012 influentia
753 967 851 1012 stante
872 967 902 1013 et
922 957 1035 1013 nostris
1055 959 1171 1016 viribus

120 1051 312 1105 meritorium
331 1052 442 1106 faeere.
477 1051 526 1106 Sio
548 1061 594 1108 est
613 1053 772 1123 hucusque
791 1051 936 1108 autoritas
956 1051 1011 1107 ieta
1032 1051 1170 1124 exposite

122 1152 152 1199 et
171 1144 330 1198 intellecta.

188 1237 338 1292 Caeterum
364 1237 514 1306 Christus,
534 1239 584 1309 qui
606 1237 788 1294 influentiam
815 1211 902 1296 istem
921 1241 1092 1309 generalem
1116 1254 1172 1295 seu
1222 1219 1226 1226 ¹

121 1345 187 1386 esee
215 1341 325 1386 naturae
351 1332 380 1386 in
407 1341 504 1387 totum
529 1335 668 1394 damnat,
694 1350 731 1389 eo
755 1335 836 1406 quod
858 1343 963 1389 natura
987 1351 1049 1389 non
1072 1333 1171 1404 possit

118 1440 180 1480 non
197 1440 349 1495 quarere,
369 1440 433 1497 quae
448 1441 500 1480 sua
522 1436 611 1496 eunt,
631 1427 773 1497 abutique
791 1429 878 1484 donis
897 1429 976 1498 Dei,
994 1428 1178 1500 simpliciter·
1232 1464 1236 1473 -

121 1527 153 1572 et
174 1519 241 1574 eine
263 1519 454 1575 distinctione
477 1521 626 1600 loquitur,
655 1523 736 1592 quod
754 1531 839 1578 extra
859 1523 1020 1593 specialem
1041 1521 1098 1591 (ut
1114 1537 1171 1576 vo.

120 1611 211 1681 cant)
236 1612 418 1668 influentiam
443 1629 498 1669 seu
523 1615 646 1682 gratiam
669 1600 730 1668 Dei
759 1614 831 1669 nihil
857 1615 954 1687 possit
974 1614 1059 1681 lieri,
1087 1614 1171 1686 quod
1239 1604 1242 1609 ⁴

119 1721 221 1760 coram
240 1706 311 1761 Deo
331 1724 393 1762 non
412 1707 451 1762 sit
468 1708 535 1776 igne
556 1707 692 1775 dignum,
711 1708 792 1762 elcut
812 1709 1023 1779 prosequitur,
1042 1708 1169 1766 dicens:

115 1799 145 1855 si
162 1800 230 1872 quas
250 1800 283 1855 in
297 1815 346 1852 me
363 1815 425 1854 non
442 1800 610 1863 manserit,
628 1801 766 1854 minetur
775 1801 890 1867 sorae,
908 1802 986 1856 siout
998 1801 1130 1870 palmes,
1140 1806 1171 1854 et

116 1899 250 1961 vacet,
280 1900 310 1946 et
331 1892 472 1966 oolliqent
500 1908 587 1959 eum,
614 1893 698 1947 etin
728 1895 829 1968 iqnem
852 1894 973 1949 mittent
993 1903 1023 1949 et
1040 1892 1168 1955 ardebit.

115 1985 219 2055 Eece,
247 1985 359 2055 palmea
385 1995 473 2040 extra
502 1985 658 2041 Christum
683 2003 745 2042 non
770 1987 862 2042 modo
894 2004 956 2042 nou
979 1989 1080 2058 viret,
1105 2004 1168 2043 non

115 2077 296 2146 hucufieet,
319 2078 371 2133 sed
398 2079 488 2134 etiam
506 2081 615 2136 arescit
641 2071 694 2148 (id
713 2090 770 2149 eet,
790 2080 892 2136 defi'oit
916 2090 945 2136 et
961 2082 1092 2152 perit)‚.
1108 2098 1167 2136 neo

115 2173 215 2229 solum
236 2170 338 2226 deficit
357 2182 387 2227 et
408 2173 544 2241 arescit,
572 2174 734 2229 sedetiam
756 2173 929 2243 colligitur,
955 2184 986 2229 et
1011 2183 1167 2246 separatur

115 2267 252 2334 trinea,
272 2275 303 2322 et
321 2267 466 2337 inignem
484 2268 632 2326 mittitur.
659 2276 717 2323 etc.
755 2268 821 2338 Sia,
841 2269 891 2340 qui
909 2269 1059 2325 influentia
1076 2285 1168 2339 gene.

114 2355 169 2414 reli
197 2368 228 2415 et
253 2368 365 2415 nature
390 2369 507 2415 tantum
534 2360 631 2416 fertur
656 2362 794 2431 viribus,
819 2362 936 2418 assidue
953 2364 1040 2436 pejor
1057 2363 1106 2432 fit,
1135 2373 1167 2420 et

114 2447 264 2527 remotior
282 2469 299 2506 a
318 2453 462 2516 Christo,
486 2453 607 2525 ignique
627 2466 768 2525 paratur,
786 2457 1006 2528 quantumlibet
1025 2466 1167 2529 appareat

116 2545 191 2600 forie
216 2546 372 2600 moraliter
400 2554 432 2601 et
457 2545 535 2600 bene
562 2547 674 2602 iecere.
710 2549 752 2603 Ut
770 2549 842 2604 hino
864 2550 1083 2617 intelligamus,
1101 2550 1167 2615 sipe

115 2636 263 2701 Christo,
291 2653 349 2691 neo
373 2639 502 2705 generali
533 2655 591 2694 neo
620 2641 741 2710 speciali
774 2641 941 2707 influentia,
971 2656 1028 2696 nos
1055 2640 1166 2710 aliquid

113 2744 205 2804 posse
230 2728 353 2796 facere,
380 2737 411 2782 et
433 2728 574 2800 quiequid
592 2730 657 2786 sola
671 2724 826 2787 influentia
849 2733 976 2800 generali
996 2731 1045 2803 fit,
1071 2748 1165 2802 quan.

113 2821 254 2880 tumlibet
275 2837 434 2891 magnum,
462 2823 556 2890 magis
575 2837 642 2878 esee
665 2831 771 2878 contra
794 2824 971 2893 Christum,
995 2839 1087 2896 quem
1105 2841 1162 2896 pro

114 2916 258 2987 Christo,
277 2916 358 2984 quod
376 2915 448 2970 eatis
468 2914 498 2968 in
512 2915 678 2985 hypocritis
697 2924 797 2986 patet,
823 2916 874 2988 qui
896 2915 1000 2986 magua
1017 2928 1048 2973 et
1071 2919 1164 2973 multa
1199 2944 1204 2955 ·

113 3009 246 3077 faciunt,
264 3011 317 3065 sed
338 3009 467 3080 pessima
485 3008 654 3065 voluntate.
689 3009 763 3065 ldeo
785 3010 926 3066 Christus
940 3006 977 3078 ⁰)
995 3020 1079 3066 tento
1099 3020 1165 3068 stu.

113 3106 164 3160 dio
191 3096 312 3172 monet,
339 3110 371 3156 ut
393 3102 422 3158 iu
449 3103 533 3174 ipso,
566 3111 708 3174 tanquam
732 3103 812 3172 vite,
844 3113 983 3159 maneant
1006 3103 1162 3177 palmites,

114 3197 196 3270 quod
223 3195 408 3270 impossibile
431 3196 470 3252 eit
490 3213 543 3253 eos
566 3214 627 3253 non
652 3196 716 3252 fieri
740 3197 860 3269 pejores
888 3198 1028 3266 assidue,
1053 3198 1077 3254 si
1101 3215 1163 3254 non

114 3292 279 3347 manserint
300 3292 330 3347 in
349 3291 435 3362 ipso,
453 3290 532 3346 siout
550 3292 601 3362 qui
623 3306 685 3346 non
704 3299 826 3345 manent
847 3291 877 3345 in
896 3290 959 3359 via,
977 3292 1164 3363 impossibile

116 3393 182 3453 est,
210 3394 327 3441 utnon
355 3385 474 3441 assidue
500 3385 594 3455 magis
617 3402 654 3439 ee
678 3384 773 3454 magis
800 3389 919 3450 errent,
947 3385 1004 3444 nisi
1025 3387 1062 3442 ad
1083 3387 1162 3442 viam

114 3479 249 3534 redeant.
282 3478 325 3533 Ut
341 3494 468 3551 prorsus
485 3478 565 3533 nulla
578 3477 631 3534 hie
646 3478 686 3535 eit
704 3478 859 3535 distinctio
872 3480 1058 3547 necessarie,
1076 3478 1162 3550 quael

115 3570 265 3627 influentia
285 3573 431 3640 generalis
451 3589 512 3628 non
534 3573 573 3628 sit
589 3573 703 3629 erroris
725 3573 791 3641 via,
815 3586 885 3628 enm
903 3572 969 3628 haee
988 3573 1027 3628 sit
1049 3573 1163 3627 donum

113 3665 175 3721 Dei
203 3663 390 3736 gratuitum,
420 3665 545 3736 indignis
574 3665 778 3728 tributumet
803 3666 995 3722 abutentibus
1023 3679 1162 3735 semper.

115 3760 195 3815 sieut
214 3759 318 3815 vinum
337 3766 368 3814 et
386 3774 492 3814 eurum
512 3760 609 3834 impiis
626 3759 800 3817 homiuibus
818 3759 1073 3831 inquotidianum
1089 3755 1163 3813 abu.

115 3867 205 3921 eum,
225 3850 278 3908 ubi
298 3852 397 3924 poesie
412 3852 543 3924 ,dicem
571 3870 637 3911 rem
662 3854 806 3914 inflexam
837 3852 913 3912 adeo
940 3866 1007 3911 esee
1034 3849 1163 3919 bonam,

172 4053 204 4103 r>
230 4048 301 4098 cod.
320 4047 345 4102 J.
364 4047 484 4098 dominns

1249 1116 1263 1147 ἱ
