2574 4732
171 305 232 377 304
654 298 745 369 1520.

171 466 339 524 verborum
357 476 447 533 qnam
459 460 548 516 animi
562 475 809 533 compescerem,
831 472 893 513 non
906 455 998 513 modo
1011 455 1112 512 libens
1128 457 1238 525 cessi,

169 562 224 617 sed
238 571 268 614 et
282 575 352 612 cnm
366 556 473 626 gaudio
490 565 521 610 et
536 556 717 625 gratitudine
738 552 912 624 acceptavi,
931 559 965 606 ut
980 550 1236 620 gratissimumi)

167 653 373 719 beneficium,
392 653 416 706 si
436 651 557 719 dignum
577 649 667 705 fuerit
686 649 748 720 spei
767 656 879 702 nostrae
897 647 1081 705 satisfacere.

173 762 177 769 ·
243 747 287 800 lta
304 745 411 814 venio,
428 742 601 800 beatissime
624 742 718 799 Pater
729 782 739 811 ,
767 751 797 796 et
816 740 913 796 adhuc
934 750 1108 811 prostratus
1130 757 1239 817 rogo,

173 841 199 897 si
220 839 282 893 fieri
302 850 418 910 potest,
444 854 565 892 manum
585 852 736 908 apponas,
761 844 790 889 et
808 834 1013 890 adulatoribus
1032 836 1115 897 istis,
1143 839 1236 904 pacis

166 933 333 1001 hostibus,
356 933 426 987 dnm
447 949 552 1002 paoem
570 932 728 997 simulant,
740 930 871 983 ¹frenum
890 928 1015 998 injicias.
1050 929 1156 984 Porro
1181 948 1238 1002 pa.

170 1026 317 1082 linodiam
335 1037 368 1079 ut
389 1041 510 1092 canaan,
529 1024 650 1080 beatiss.
668 1023 778 1084 Pater,
800 1032 927 1077 nonest
949 1022 1031 1093 qnod
1052 1021 1131 1076 ullus
1153 1041 1236 1094 prar-

172 1129 292 1186 sumat,
318 1119 373 1172 uisi
399 1119 481 1193 malit
506 1117 605 1171 adhuc
626 1117 742 1186 majbre
769 1116 888 1170 turbine
907 1130 1035 1193 causam
1056 1116 1235 1178 involvere.

173 1213 295 1270 Deinde
313 1214 394 1280 leges
413 1212 626 1283 interpretandi
645 1209 731 1265 verbi
750 1208 811 1264 Dei
830 1225 892 1264 non
911 1211 1026 1278 patior,
1044 1225 1115 1264 cum
1133 1227 1235 1282 opor.

174 1314 238 1364 teat
259 1306 385 1360 verbum
406 1304 466 1358 Dei
486 1320 553 1358 esse
573 1321 632 1358 non
653 1303 821 1371 alligatum,
845 1304 927 1373 quod
945 1304 1117 1359 libertatem
1135 1306 1236 1362 docet

176 1401 311 1454 omnium
336 1399 475 1451 aliorum.
518 1397 572 1452 His
596 1397 715 1452 duobus
740 1396 846 1464 salvis,
873 1396 947 1451 nihil
972 1407 1032 1457 esti
1060 1398 1145 1467 quod
1169 1417 1235 1456 non

176 1494 277 1549 iacere
296 1508 333 1555 ¹et
353 1494 410 1562 pati
431 1493 564 1563 possim,
592 1507 626 1545 ac
644 1492 839 1547 libentissime
860 1492 960 1546 velim.
1006 1491 1234 1551 contentiones

171 1587 247 1654 odi,
272 1585 422 1640 neminem
447 1584 642 1655 provocabo,
667 1586 721 1657 sed
741 1587 904 1655 provocari
924 1570 1028 1641 rursus
1047 1585 1136 1641 noloa
1157 1605 1235 1658 pro.

174 1691 305 1736 vocatus
319 1694 436 1747 autem,
457 1679 581 1735 Christo
600 1680 760 1749 magistro,
781 1680 905 1749 elinguis
925 1695 985 1733 non
1004 1695 1068 1734 ero.
1106 1679 1234 1739 Poterit

175 1774 257 1827 enim
279 1773 318 1827 T.
346 1773 381 1828 B.
404 1772 491 1828 brevi
512 1783 542 1827 et
560 1774 638 1828 facili
659 1773 770 1837 verbo,
790 1773 1034 1845 contentionibus
1052 1774 1119 1828 istis
1140 1776 1233 1833 adse

172 1869 293 1923 vocatis
313 1878 343 1922 et
360 1868 522 1929 extinctis,
555 1868 706 1923 silentium
730 1878 761 1923 et
781 1883 887 1939 paoem
906 1868 1045 1939 utrinque
1063 1870 1232 1940 mandare,

128 1960 132 1969 '
173 1960 207 2018 id
227 1963 308 2034 quod
326 1978 446 2033 semper
465 1963 567 2020 audire
586 1963 762 2018 desideravi.

246 2057 395 2124 Proinde,
415 2059 456 2112 mi
476 2056 542 2112 Leo
565 2056 674 2126 Pater,
700 2073 784 2125 cave,
804 2057 921 2113 Sirenas
943 2058 1018 2113 istos
1038 2057 1159 2128 audias,
1181 2061 1233 2132 qui

175 2160 208 2206 te
227 2167 287 2205 non
304 2166 412 2219 purum
425 2150 600 2219 hominem,
618 2153 672 2205 sed
691 2148 822 2206 mixtim
833 2151 934 2206 Deum
952 2151 1082 2212 faciunt,
1099 2161 1133 2206 nt
1149 2170 1234 2225 quaa.

174 2244 222 2298 vis
241 2245 383 2299 mandare
401 2253 432 2297 et
447 2246 568 2313 exigere
585 2246 693 2315 possis.
727 2243 801 2299 Non
817 2245 868 2299 liet
887 2245 942 2312 ita,
962 2261 1017 2299 nec
1032 2245 1231 2316 praevalebisr
1254 2299 1258 2305 .

173 2347 281 2393 servus
301 2350 462 2388 servorum
482 2353 526 2402 es,
558 2348 589 2390 et
607 2355 667 2407 pras
690 2338 830 2393 omnibus
853 2338 1027 2394 bominibus
1052 2341 1231 2398 miserrimo

177 2441 208 2485 et
232 2428 488 2501 periculosissimo
514 2430 595 2484 loco.
630 2431 702 2486 Non
727 2439 756 2483 te
782 2431 902 2497 fallant,
928 2433 979 2502 qui
1003 2442 1032 2486 te
1055 2431 1231 2491 Dominum

175 2524 279 2579 mundi
307 2522 438 2592 lingunt,
464 2524 513 2593 qui
538 2524 602 2578 sine
628 2533 677 2578 tua
701 2524 860 2579 autoritate
883 2526 997 2580 nullum
1021 2526 1231 2585 Christianum

177 2635 244 2674 esse
263 2619 377 2682 sinunt,
396 2618 446 2689 qui
464 2626 494 2672 te
511 2619 540 2673 in
554 2618 681 2686 coelum,
700 2619 871 2686 infernum,
890 2622 1096 2692 purgatorium
1114 2622 1230 2695 aliquid

176 2720 267 2785 p'osse
284 2715 427 2780 garriunt.
461 2712 572 2767 Hostes
589 2713 684 2782 hitui
702 2722 788 2782 sunt,
808 2725 839 2768 et
860 2716 987 2769 animatu
1010 2723 1092 2769 tuam
1108 2717 1146 2770 ad
1160 2735 1230 2789 per.

177 2807 308 2861 (lendum
332 2817 485 2877 (luserunt,
509 2807 588 2861 sicut
612 2806 703 2876 Isajas
729 2809 814 2864 dicit:
850 2809 968 2877 Popula
991 2824 1093 2876 meus,
1119 2811 1175 2881 qui
1200 2819 1230 2866 te

176 2898 296 2956 beatum
317 2900 504 2968 pradicant,
530 2900 591 2968 ipsi
613 2907 641 2954 te
663 2901 822 2972 decipiunt.
858 2901 986 2973 Errant,
1011 2904 1061 2976 qui
1081 2913 1112 2959 te
1135 2923 1231 2980 supra

180 2997 343 3050 coincilium
363 3003 393 3048 et
411 2995 609 3049 universalem
626 2994 796 3052 Ecclesiam
814 2998 948 3054 elevant:
972 3007 1087 3063 errant,
1106 3002 1158 3070 qui
1173 3002 1228 3056 tibi

176 3089 403 3157 soliScripturae
414 3089 700 3158 interpretandaejus
721 3092 866 3147 tribuunt.
893 3093 964 3146 Suas
980 3093 1058 3147 enim
1071 3092 1103 3149 hi
1119 3111 1228 3151 omnes

178 3180 346 3250 impietates
363 3182 419 3237 sub
440 3192 494 3234 tuo
513 3184 634 3237 nomine
653 3192 785 3238 statuere
801 3187 831 3239 in
848 3184 986 3242 Ecclesia
1003 3198 1156 3257 quaerunt:
1183 3198 1228 3253 et,

153 3250 257 3343 ‘proh
285 3277 391 3344 dolor,
419 3278 545 3331 multum
569 3294 622 3349 per
646 3294 699 3334 eos
720 3278 805 3334 Satan
831 3280 962 3351 profecit
981 3281 1012 3335 in
1036 3282 1093 3336 tuis
1113 3285 1229 3352 praede.

177 3368 363 3424 cessoribus.

246 3462 382 3528 Summa,
409 3462 497 3533 nullis
515 3465 621 3534 crede,
647 3468 698 3535 qui
720 3475 750 3521 te
771 3467 918 3534 exaltant,
937 3468 989 3522 sed
1007 3469 1042 3523 iis
1055 3449 1069 3494 ¹*
1081 3465 1106 3537 ),
1124 3471 1177 3540 qui
1197 3481 1227 3528 te

176 3556 343 3612 humiliant.
378 3555 445 3609 Hoc
462 3559 540 3612 enim
559 3568 605 3614 est
619 3560 766 3629 judicium
782 3563 856 3617 Dei:
876 3562 1015 3633 deposuit
1033 3573 1174 3635 potentes
1190 3567 1227 3621 de
1261 3555 1265 3558 ¹

177 3653 265 3721 sede,
291 3661 319 3704 et
346 3650 487 3711 exaltarit
511 3651 652 3710 humiles.
689 3655 782 3716 Vide.
802 3672 890 3726 quam
911 3657 1066 3728 disparsit
1085 3658 1228 3715 Christus

173 3748 239 3813 puis
257 3745 502 3809 successoribus:
522 3763 591 3802 oum
604 3757 704 3805 tamen
720 3765 825 3806 omnes
836 3750 928 3807 velint
944 3752 1008 3822 ejus
1022 3767 1088 3810 esse
1103 3752 1226 3810 vicarii:

177 3889 700 3920 τῇ--ῄ

229 3964 254 4015 i)
282 3967 359 4012 Auri
369 3965 388 4010 f.
409 3966 584 4027 gravissimum.

231 4045 264 4106 lt
292 4044 399 4107 lariti
419 4069 447 4093 -τ
467 4045 506 4106 ns,
