2574 4732
126 348 186 421 aas
585 424 588 429 ,
610 333 701 422 1⁵19.

127 513 155 561 tr
172 510 262 563 anain
279 509 336 561 bobr
351 505 444 554 indta
460 507 544 559 lutrae
563 506 611 554 aas
627 506 748 560 baldum
763 506 802 559 ld
816 505 873 556 ibo
886 506 957 561 aena
973 507 1115 564 ialnblutttl
1130 510 1173 576 ἔδει

126 599 224 652 nebunt
243 605 313 652 arara
329 595 388 649 tint
408 595 456 643 aab
475 592 518 647 boi
537 594 624 660 aaran!
643 603 713 650 aram
729 596 793 644 stom
810 597 880 649 eruit
897 597 988 643 uestra
1004 594 1082 646 linae.

145 782 495 837 sanctitatum.
522 783 582 838 sat.
601 782 662 831 cod'.
676 784 730 836 Jea.
746 793 769 830 a.
784 781 801 829 f.
815 781 855 831 dd.
883 783 982 837 atarto
1000 783 1041 837 m
1059 781 1159 832 tbatd

577 871 649 918 xxl.
674 869 725 916 ⁶20.

135 1026 263 1097 Optimo
276 1032 305 1080 et
319 1024 507 1082 amicissimo
521 1040 594 1089 suo,
628 1023 763 1098 Georqio
781 1023 964 1096 Spoletina,
992 1027 1026 1083 in
1042 1024 1176 1082 Domino

559 1115 733 1174 venerabili.

573 1264 725 1323 Jesua.
817 1242 851 1315 .'

126 1394 276 1488 Salutem.
314 1430 406 1503 Quod
424 1445 481 1503 pro
501 1440 607 1486 nostro
625 1430 725 1487 studio
747 1427 858 1487 soliciti
879 1447 1006 1500 sumus,
1033 1440 1123 1505 atque
1142 1443 1173 1490 te

126 1527 255 1597 negotiis
272 1526 450 1595 obruimus,
467 1527 509 1581 mi
527 1523 684 1597 Spalatioe,
701 1540 808 1597 spero,
826 1542 886 1582 nou
907 1528 1001 1584 modo
1018 1545 1104 1600 aequo
1118 1530 1174 1584 sed

127 1632 158 1678 st
173 1632 258 1692 grato
276 1622 356 1677 feres
376 1613 486 1676 auimo.
520 1619 698 1691 Repetimus
717 1630 817 1674 autem
839 1637 892 1689 ea,
910 1638 975 1692 quae
995 1638 1090 1694 nuper
1111 1623 1173 1693 ogi.
1258 1692 1261 1698 Ι

126 1731 209 1776 mus.
229 1716 265 1770 de
283 1715 442 1769 abolendis
454 1713 654 1781 lectionibus,
672 1713 767 1770 bonas
781 1714 874 1771 boras
891 1716 1002 1772 frustra
1023 1733 1175 1788 occupan-

127 1809 227 1877 tibus,
252 1808 489 1881 melioribusque
508 1808 702 1875 adhibendis,
729 1811 895 1882 praesertim
915 1810 1061 1866 Ovidiaua
1074 1809 1178 1865 Meta.

129 1903 288 1974 morphosi
298 1942 308 1970 ,
328 1903 524 1974 augendoque
544 1901 653 1958 salario
670 1902 802 1975 Philippi
819 1897 929 1968 nostri,
949 1905 1072 1960 interitu
1088 1905 1176 1960 unius

90 2006 93 2010 ’
128 1993 256 2067 physicae
278 1995 433 2063 lectionis,
453 2011 487 2049 ac
506 1995 655 2066 stipendio
673 1995 752 2051 illius
770 1997 887 2067 adjecto
905 1998 1077 2071 stipendiis.
1098 2000 1178 2054 sicut

83 2100 84 2105 ’
108 2086 160 2143 'te
186 2089 359 2144 meminisse
382 2087 540 2143 oredimus.
581 2086 673 2144 Nunc
691 2105 731 2141 ac
747 2104 796 2144 res
812 2089 939 2159 frigeat,
965 2100 1015 2144 aut
1037 2091 1067 2144 in
1087 2107 1179 2162 spon.

127 2182 204 2251 giam
224 2183 321 2252 (quod
341 2180 438 2252 ajunt)
457 2181 563 2247 cadat,
581 2190 611 2236 te
629 2195 781 2248 rogamus,
800 2182 886 2252 quod
903 2181 1056 2237 Dominus
1074 2198 1128 2253 per
1146 2194 1177 2238 te

128 2275 239 2345 coepit,
266 2274 354 2328 faciat
371 2274 402 2329 id
420 2284 521 2344 perte
543 2273 663 2344 perlici,
684 2277 722 2327 n'e
741 2289 799 2345 qua
821 2289 890 2330 sors
907 2275 1027 2329 sinistra
1045 2276 1176 2331 interve.

128 2366 210 2435 niat,
229 2376 259 2420 et
278 2366 428 2438 dispergat
445 2377 551 2421 votum
571 2377 632 2423 tam
650 2366 742 2437 pium.

197 2460 347 2514 Caeterum
368 2459 480 2515 Eccius
497 2469 604 2515 noster
622 2459 832 2516 animalculum
854 2462 959 2530 gloriae
976 2463 1069 2519 edidit
1087 2462 1179 2518 sche.

127 2554 247 2623 dulam,
265 2555 468 2626 disputaturus
487 2565 594 2610 contra
612 2554 812 2613 Caristadium
830 2556 937 2628 Lipsius
958 2567 1029 2629 post
1048 2557 1178 2613 Pascha.

82 2706 90 2723 ‚
126 2649 168 2705 Et
192 2650 286 2706 bomo
313 2649 423 2705 insulsa
450 2647 649 2719 obliquitate,
676 2665 737 2705 auae
757 2653 819 2721 jam
839 2652 889 2706 diu
906 2653 936 2707 in
953 2666 1003 2706 me
1022 2661 1178 2722 conceptae

128 2744 245 2799 invidiae
264 2744 493 2812 satisfacturus,
521 2742 551 2798 ia
571 2759 619 2798 ms
637 2753 668 2800 et
686 2759 754 2799 mea
774 2747 836 2802 ruit
853 2747 983 2820 scripta:
1014 2746 1104 2802 alium
1123 2763 1179 2801 no.

127 2838 246 2894 minans
272 2848 535 2907 concertatorem,
561 2837 650 2893 alium
677 2849 778 2895 autem
803 2841 945 2896 invadens
969 2849 1175 2895 tractatorem.

128 2931 281 3002 Displicet
300 2933 375 2988 mihi
393 2938 458 2988 tam'
475 2948 585 2988 vecors
602 2933 736 2990 hominis
754 2936 963 3007 sycophantia:
981 2934 1050 2989 ideo
1070 2939 1176 2986 contra

129 3041 198 3079 eum
218 3036 248 3080 et
268 3028 331 3096 ipse
349 3028 426 3082 edidi
447 3028 599 3082 contraria
617 3029 667 3096 ei,
685 3039 719 3083 ut
737 3028 852 3083 videbis
871 3028 900 3081 in
919 3027 967 3081 his
985 3025 1072 3096 typis.
1106 3023 1175 3077 Erit

128 3118 211 3174 forto
226 3118 340 3176 Eccius
357 3121 500 3186 occasio,
519 3128 553 3174 ut
571 3135 620 3174 res
637 3121 694 3177 ista
712 3123 870 3192 hucusque
888 3119 1097 3174 ludistantum
1115 3117 1177 3184 agi.

130 3218 208 3276 tata,
227 3214 346 3268 tandem
362 3213 448 3268 seriis
463 3222 627 3282 tractetur,
644 3224 675 3269 et
693 3212 1012 3295 infelicitertRomanae
1030 3211 1175 3280 tyrannidi

131 3305 316 3367 consulatur.
335 3304 406 3360 Vale
420 3308 450 3362 in
461 3306 608 3362 Domino.
628 3308 730 3362 Altera
743 3306 920 3373 Dorotbeae,
935 3321 1011 3359 anno
1022 3303 1180 3359 Mnxm

632 3401 667 3458 F.
685 3400 838 3456 Martinus
858 3397 1030 3466 Lutberus,
1047 3397 1176 3465 August.
