2574 4732
545 303 636 372 1519.
740 369 742 373 ,
1020 328 1023 333 ·
1061 302 1121 369 sle

71 476 135 516 non
158 458 275 527 odisse,
304 459 345 514 ita
367 467 402 514 ut
429 458 460 515 in
485 446 633 532 utrinque
662 465 778 531 partem
805 458 915 515 amoris
938 458 1122 532 impatientia

71 555 132 609 sim
148 553 252 608 :nimio
279 552 443 608 vehemens
455 592 481 620 „.
496 560 544 623 et,
574 561 608 608 ut
633 552 721 606 amici
747 551 796 625 iili·
815 551 874 627 mei
896 552 1120 633 criminantur,

68 648 200 703 mordax
222 655 253 701 et
272 662 348 701 vane
363 646 524 715 gloriosus.
559 647 616 700 Sed
637 645 834 700 criminentur
851 659 918 713 me,
942 655 976 701 ut
996 645 1119 715 volent,

68 740 192 801 nomina
205 739 279 794 mihi
293 749 419 810 possunt
433 738 479 794 vel
494 738 569 793 mala
586 739 633 794 vel
649 734 910 810 bona'imponere,
929 739 993 794 sive
1006 740 1119 810 prinae,

69 831 135 890 sive
156 833 295 887 sec'undae
313 841 363 887 aut
383 834 472 887 etiam
495 832 590 886 tertia
611 832 805 900 intentionis,
837 832 898 887 imo
920 825 1119 903 impositionis

70 924 129 992 (ne
145 925 217 997 quid
235 941 360 996 peccem
379 925 409 980 in
428 925 583 980 dialectica
600 921 750 991 eorum):
768 941 834 979 rem
849 925 944 997 ipsam
963 925 1121 995 theologia

50 1033 223 1089 ,nunquam
247 1018 403 1087 auferent,
432 1035 490 1074 neo
512 1033 646 1073 amorem
671 1019 750 1074 illius
771 1004 969 1086 extinguent,
995 1017 1118 1075 Christo

69 1112 215 1184 propitio.
248 1112 337 1182 Scio,
356 1113 425 1184 qnid
444 1111 516 1168 mihi
533 1113 643 1168 fecerit
660 1110 842 1193 scholastica
864 1110 1017 1180 theologia
1027 1151 1037 1179 ,
1055 1108 1120 1167 scio

70 1219 211 1273 rursum,
229 1205 300 1276 quid
320 1207 347 1261 ei
367 1206 509 1272 debeam,
529 1207 644 1276 gaudeo
660 1222 711 1261 me
727 1215 865 1274 erutum,
883 1213 914 1260 et
934 1206 1044 1274 gratias
1063 1192 1120 1274 ago

73 1282 215 1367 Christo,
232 1298 366 1361 Domino
384 1315 465 1357 meo.
484 1299 556 1356 Non
572 1309 619 1355 est
635 1299 718 1370 quod
732 1315 782 1354 me
800 1289 928 1354 doceant
946 1313 1030 1366 eam,
1046 1296 1120 1355 novi

73 1406 158 1454 eam,
177 1408 235 1447 nec
254 1394 335 1464 quod
351 1394 514 1456 concilient
531 1393 605 1449 mihi
623 1409 711 1461 earn,
729 1393 802 1448 nolo
821 1409 899 1448 eam.
949 1420 954 1430 x
1113 1396 1116 1400 ’

51 1525 58 1531 -
106 1525 119 1536 ..
139 1485 249 1542 Patere
270 1504 366 1557 ergo,
392 1487 591 1545 illustrissime
611 1489 780 1558 Princeps,
806 1496 837 1543 et
855 1486 917 1542 hoc
932 1503 1002 1542 meo
1022 1483 1120 1541 dones

72 1579 168 1635 amori
184 1595 277 1650 rogo,
295 1582 376 1651 quod
394 1581 477 1635 hunc
498 1580 631 1636 libellum
647 1580 704 1636 sub
721 1589 779 1635 tuna
791 1578 1014 1634 Dominationis
1029 1577 1117 1633 titulo

72 1671 210 1727 emittere
224 1674 316 1729 volui.
350 1672 420 1728 Jam
436 1675 569 1736 secundo
584 1672 614 1729 in
627 1672 850 1742 Wittemberga
866 1682 917 1727 tua
935 1672 1118 1728 Psalterium

70 1764 238 1836 profiteor,
271 1765 447 1834 urgentibus
474 1775 506 1821 et
538 1765 727 1834 exigentibus
758 1766 879 1835 optimis
910 1763 1119 1833 auditoribus,

72 1857 182 1927 quibus
205 1857 374 1913 debitorem
401 1873 451 1911 me
472 1873 619 1913 essenon
640 1873 763 1929 possum
784 1875 903 1928 negare.
947 1858 1060 1913 Verum
1077 1846 1120 1914 ita

71 1949 236 2020 profiteor,
254 1959 288 2004 ut
306 1950 399 2009 nolim
422 1949 459 2004 ab
479 1950 541 2005 ullo
563 1953 593 2006 iti
613 1953 651 2007 de
672 1968 721 2006 ms
741 1944 899 2024 praesumi,
918 1953 1000 2023 quod
1019 1951 1118 2009 nullus

41 2109 45 2116 1
72 2041 172 2096 adhuc
211 2053 353 2113 praestare
390 2044 490 2115 potuit
522 2046 781 2102 sanctissimorum
809 2055 841 2100 et
872 2039 1119 2102 doctissimorum
1167 2101 1169 2105 ,

63 2129 215 2200 Petrum,
241 2135 355 2199 idest,
381 2135 561 2193 Psalterium
586 2138 615 2194 in
634 2139 775 2197 omnibus
796 2140 928 2209 legitimo
950 2153 1040 2194 sensu
1059 2138 1117 2195 siro

69 2228 236 2298 intelligere
258 2238 288 2283 et
308 2229 450 2287 docere,
473 2230 523 2286 Sat
550 2241 597 2289 est
626 2234 740 2306 aliquot
764 2243 794 2289 et
823 2235 947 2289 eosdem
972 2247 1012 2287 ex
1033 2217 1118 2304 pairs

68 2322 271 2386 intellexisse:
298 2323 393 2379 multa
417 2324 473 2380 sibi
502 2338 637 2384 reservat
668 2328 812 2398 Spiritus,
836 2343 898 2399 quo
919 2342 977 2382 nos
997 2340 1119 2398 semper

70 2415 233 2487 discipulos
259 2417 388 2488 habeat,
413 2418 507 2474 multa
529 2421 797 2486 commonendis,
824 2429 857 2474 ut
876 2420 1004 2485 alliciat,
1022 2405 1118 2474 multa

71 2509 180 2575 tradit,
197 2521 231 2565 ut
252 2511 374 2580 afficiat,
393 2522 424 2567 et
442 2511 496 2580 (ut
512 2512 548 2573 Β.
567 2517 752 2584 Augustinus
773 2514 914 2584 praeclaro
934 2511 1033 2579 dixit)
1047 2511 1117 2568 nul.
1172 2510 1179 2527 ⁹

72 2601 119 2654 lus
139 2616 269 2671 uuquam
289 2606 329 2659 ita
351 2605 471 2660 locutus
492 2615 556 2673 est,
585 2617 618 2661 ut
638 2607 675 2662 ab
694 2607 835 2663 omuibus
860 2607 891 2661 in
910 2602 1051 2660 omnibus
1072 2603 1119 2657 in.

73 2694 278 2762 teiligeretur,
295 2696 391 2763 nrulto
410 2698 504 2766 magis
520 2699 583 2770 ipse
602 2700 728 2769 Spiritus
741 2709 863 2754 sanctus
879 2697 962 2753 solus
983 2695 1118 2752 omnium

73 2805 200 2844 suorum
218 2788 384 2843 verborum
402 2790 624 2858 intelligentiam
643 2790 745 2846 habet.

141 2883 296 2956 Quocirca
322 2884 448 2952 ingenue
477 2883 613 2939 confiteri
641 2900 690 2938 me
720 2891 859 2952 oportet,
881 2898 930 2936 me
958 2873 1117 2951 ignorare,

70 2978 234 3047 legitimam
258 2977 407 3043 habeam,
436 2992 494 3032 nec
511 2992 565 3042 ne,
590 2975 813 3044 intelligentiam
830 2975 1044 3043 Psalmorum,
1060 2975 1116 3032 etsi

71 3087 175 3126 veram
193 3086 258 3126 esse
277 3088 339 3125 non
359 3069 509 3132 dubitem,
538 3085 628 3142 quam
647 3071 745 3125 trado.
779 3068 857 3125 Nam
880 3079 910 3125 et
930 3071 1030 3125 omnia
1051 3086 1116 3141 quas

71 3165 107 3220 B.
126 3165 324 3233 Augustinus,
342 3163 553 3233 Hieronymus,
573 3163 770 3231 Athanasius,
786 3162 935 3225 Hilarius,
956 3164 1118 3219 Cassiodo-

73 3275 143 3322 rus,
160 3258 250 3312 etalii
267 3274 359 3331 super
374 3258 555 3313 Psalterium
568 3259 773 3321 contulerunt,
791 3258 948 3313 verissima
962 3246 1044 3325 suut,
1062 3257 1116 3312 sed

74 3367 197 3408 aseuau
214 3350 309 3406 litero
331 3352 512 3423 quandoque
532 3351 744 3407 remotissima.
783 3349 825 3406 Et
843 3368 909 3406 mea
931 3362 1118 3423 quoquere.

73 3445 170 3500 cunda
189 3445 253 3500 haec
272 3445 423 3516 professio
440 3461 457 3498 a
474 3445 570 3516 prima
588 3446 677 3513 longe
694 3445 813 3515 iateque
833 3443 951 3499 diversa
972 3453 1035 3511 est,
1061 3460 1119 3501 nec

75 3549 123 3597 est
141 3538 219 3597 liber
237 3539 267 3594 in
283 3538 408 3609 Bibliis,
435 3539 486 3609 qui
503 3554 551 3594 me
570 3538 738 3608 diligentius
756 3539 948 3606 exercitarit,
967 3539 1069 3594 donec·
1088 3537 1119 3594 iu
1209 3580 1212 3585 .

75 3648 141 3688 eam
161 3634 337 3690 sententiam
356 3634 511 3699 venerim,
525 3645 668 3704 oportere
690 3633 798 3688 nullius
822 3633 1118 3705 interpretationem,

67 3728 166 3783 ‚modo
193 3728 241 3798 pia
264 3729 321 3790 sit,
341 3729 491 3799 rejicere,
513 3729 569 3783 nisi
588 3727 706 3785 talionis
723 3727 789 3796 lege
806 3742 926 3782 rursum
948 3729 1015 3798 quis
1035 3733 1120 3795 optet

59 3821 171 3890 rejici.
216 3821 340 3877 Deiecit
364 3824 413 3880 ille
437 3824 466 3878 in
490 3823 660 3899 aliquibus,
687 3831 720 3878 tu
741 3820 770 3874 in
794 3820 948 3892 pluribus,
977 3818 1119 3893 nonnulla

74 3914 165 3969 rideo
174 3952 185 3981 ,
202 3930 261 3970 non
276 3917 340 3972 visa
354 3917 444 3972 beato
458 3918 643 3986 Augustino,
662 3899 783 3972 rursum
800 3914 894 3969 multa
909 3913 1030 3967 visuros
1041 3910 1119 3979 scio,

76 4023 140 4082 quaa
155 4009 218 4078 ipse
232 4026 294 4064 aon
312 4004 409 4066 video.
