2574 4732
582 326 669 392 1517.
768 300 769 304 '
1005 400 1012 405 ,
1121 334 1161 396 ss

119 482 317 537 reverendum
343 482 466 539 Patrem
487 484 563 555 apud
579 493 639 539 'vos
660 469 814 553 divulgari.
850 483 922 541 Non
944 487 1022 542 enim
1041 488 1168 544 Norim.

100 574 330 660 bergensibus,
357 578 385 632 id
410 588 474 644 est,
500 578 719 645 delicatissimis
746 586 777 632 et
801 581 1032 637 emunctissimis
1056 584 1169 638 anima.

117 667 191 735 bus,
215 671 268 725 sed
288 670 432 736 rudibus,
449 680 484 726 ut
500 673 602 740 nosti,
621 671 808 740 Saxonibus,
827 673 936 743 quibus
958 674 1035 728 nulle
1054 676 1166 732 verbo.

117 763 205 818 aitate
228 765 301 819 satis
323 766 423 821 mandi
448 774 479 820 et
503 766 663 839 praemandi
691 773 794 837 potest
826 767 953 822 eruditio
979 767 1165 839 Christiana,

118 857 202 911 editas
222 869 302 912 sunt.
339 858 396 913 Sed
420 876 497 928 nec,
523 860 547 914 si
570 853 708 930 quam²)
733 859 865 914 maxIme
889 859 1020 924 vellem,
1056 863 1165 934 aliquid

117 966 238 1021 possem
265 951 409 1020 ellicere,
441 953 522 1024 qued
549 953 664 1009 Latinis
691 951 848 1009 autoribus
876 953 1032 1010 tolerabile
1059 955 1164 1027 fieret,

118 1053 230 1116 quanto
257 1047 356 1101 minus
378 1049 503 1115 vestris,
528 1064 599 1102 cum
621 1047 718 1102 dedita
742 1063 833 1117 opera
854 1048 934 1117 vulgi
953 1049 1083 1104 tarditati
1103 1064 1177 1145 aer-q

117 1138 181 1193 vire
203 1140 384 1194 statuissem.
429 1141 524 1210 Igitur
545 1152 575 1195 te
597 1141 750 1208 obsecro,
776 1149 811 1212 ut
830 1157 848 1195 e
872 1143 1013 1197 virorum
1035 1145 1169 1201 erudito·

118 1246 185 1286 rum
211 1244 376 1302 conspectu
397 1251 445 1289 eas
466 1236 659 1302 submoveas,
678 1243 822 1305 quantum
842 1219 942 1304 potes.
981 1235 1167 1306 Caeterum,

119 1326 237 1396 quaudo
255 1326 405 1396 hortaris,
431 1329 555 1405 scripsi,
583 1339 691 1400 quantu
713 1329 797 1399 potui
816 1347 908 1397 cura,
927 1337 961 1383 ut
981 1331 1168 1386 familiariter

119 1419 282 1475 scriberem
299 1420 396 1476 Eccio
415 1433 540 1488 nostros
559 1423 583 1477 si
601 1423 816 1494 pervenerint,
830 1424 947 1478 nescio.

185 1512 245 1569 Has
260 1517 443 1584 sententias,
462 1527 535 1587 quas
554 1526 664 1570 vocant
684 1516 872 1586 positiones,
898 1516 987 1573 mitto
1005 1519 1041 1572 ad
1060 1526 1110 1586 te,
1135 1526 1167 1573 et

116 1622 172 1679 per
194 1615 224 1662 te
248 1607 331 1664 Patri
356 1608 508 1687 Magistro
527 1608 712 1676 Venceslao,
741 1619 772 1662 et
789 1609 880 1679 siqui
900 1610 947 1663 alii
966 1619 1058 1679 suut,
1090 1627 1168 1682 quos

116 1699 208 1770 hujus
228 1703 344 1771 generis
360 1702 478 1757 'deliciae
498 1701 659 1760 delectant.
695 1701 783 1767 Sunt,
804 1702 859 1756 uisi
882 1702 989 1772 fallor,
1013 1702 1091 1759 baec
1104 1704 1169 1774 jam

115 1809 179 1848 non
197 1794 353 1849 Ciceronis
371 1797 543 1865 paradoxa,
569 1795 622 1848 sed
644 1794 821 1849 Carolstadii
844 1796 960 1862 nostri,
987 1797 1051 1851 imo
1074 1799 1169 1853 sancti

114 1887 522 1955 Augustini,'Ciceronianis
536 1896 620 1941 tanto
635 1887 818 1944 mirabiliora
836 1898 866 1943 et
884 1888 1038 1958 digniora,
1057 1900 1169 1960 quanto

114 1982 316 2050 Augustinus,
334 1980 396 2036 imo
412 1980 562 2047 Christus,
581 1979 729 2037 Cicerone
750 1981 866 2052 dignior
880 1991 937 2038 est.
971 1978 1109 2052 Arguent
1131 1983 1168 2050 b)
1231 2002 1241 2014 ·

117 2084 223 2130 autem
245 2076 300 2130 ista
324 2076 476 2147 paradoxa
502 2076 635 2130 omnium
665 2092 772 2132 eorum
798 2076 845 2131 vel
875 2070 1085 2148 negligentiam
1119 2066 1169 2132 vel

114 2169 334 2240 ignorantiam,
353 2169 584 2241 quibuscunque
598 2170 708 2224 fuerint
725 2170 787 2225 visa
799 2171 892 2251 magis
906 2170 1058 2242 paradoxa
1076 2186 1168 2243 quam
1247 2153 1255 2170 ’

117 2264 307 2321 orthodoxa:
332 2280 370 2319 ue
390 2264 487 2319 dicem
509 2264 545 2318 de
566 2265 622 2331 iis,
649 2265 700 2336 qui
721 2281 755 2318 ea
775 2266 875 2336 potius
890 2265 1052 2321 ¹cacodoua
1069 2264 1167 2337 impu.

118 2359 199 2417 denti
225 2359 409 2438 temeritate¹
416 2358 606 2428 iudicabunt:
632 2359 775 2430 quoniam
799 2357 834 2425 c)
859 2374 915 2413 nec
943 2359 1167 2429 Augustiuum,

118 2473 176 2511 uec
194 2455 320 2512 Paulum
335 2453 452 2523 legunt,
471 2462 522 2507 aut
542 2454 583 2509 ita
600 2453 724 2522 legunt,
741 2463 853 2509 utnon
871 2453 1050 2521 intelligant,
1070 2450 1167 2522 eequis

120 2560 150 2605 et
171 2549 244 2604 alios
261 2563 365 2605 secum
383 2548 543 2616 negligent.
578 2546 652 2602 Sunt
667 2548 757 2616 igitur
776 2549 927 2618 paradoxa
948 2545 1118 2612 modestis,
1138 2551 1169 2598 et

119 2622 171 2715 qui
194 2659 255 2698 non
276 2659 309 2696 ea
329 2643 544 2710 cognoverint,
562 2641 615 2696 sed
636 2643 754 2704 eudoxa
777 2650 808 2694 et
832 2641 980 2696 calodoxa
1003 2635 1169 2694 scientibus

118 2736 195 2792 mibi
218 2753 292 2791 vero
314 2737 497 2790 aristodoxa.
532 2735 713 2789 Benedictus
736 2734 855 2798 Deus..
870 2734 920 2804 qui
941 2747 1064 2787 rursum
1074 2729 1172 2800 jubet

121 2832 159 2887 de
177 2831 310 2885 tenebris
332 2820 543 2900 splendescere
562 2828 673 2881 lumen.

190 2925 406 3001 Reverendum
427 2902 551 2978 Patrem
569 2919 724 2975 vicarium
746 2920 884 2990 suspicor
913 2933 973 2971 non
1003 2933 1069 2972 esse
1096 2916 1172 2987 apud

120 3035 198 3077 vos:
224 3016 603 3088 expectamusadventum
626 3015 691 3084 ejus
712 3015 747 3068 ad
768 3029 837 3068 nos.
875 3012 999 3068 Doctor
1019 3010 1172 3071 chilianus

120 3113 261 3170 Reuther
278 3111 315 3180 *)
345 3111 505 3166 defunctus
527 3119 573 3164 eat
598 3108 658 3166 vita
677 3108 822 3164 mortali:
852 3107 903 3163 det
920 3106 1028 3176 Deus,
1048 3115 1082 3161 ut
1103 3104 1171 3160 lun.

122 3219 212 3279 getur
233 3218 353 3262 aeterna.
388 3207 497 3260 Amen.

202 3318 315 3389 Salutat
330 3327 361 3370 te
379 3317 568 3372 Amsdorfius
590 3323 621 3370 et
639 3313 737 3369 omnis
755 3313 851 3368 amica
870 3311 1022 3368 sodalitas.
1058 3311 1174 3366 Saluta.

123 3428 193 3469 mus
216 3411 350 3467 vicissim
371 3427 424 3482 per
454 3421 483 3467 te
518 3426 625 3466 omnes
660 3407 780 3464 salutari
806 3408 944 3463 meritos.
990 3405 1074 3460 Vale.
1123 3402 1174 3459 Ex

124 3507 365 3574 Witternberga,
385 3513 472 3561 sexta
488 3505 581 3574 Maii,
599 3503 767 3559 Mnxvfl.

552 3600 586 3658 F.
606 3599 758 3657 Martinus
773 3597 891 3665 Luder,
916 3590 1172 3665 Augustiniensis.

181 3779 210 3825 a)
238 3769 374 3828 &diluet
393 3773 499 3830 quidem.

180 3854 211 3904 bl
240 3850 304 3901 ed.
323 3861 435 3909 arguunt·

182 3937 211 3982 c)
242 3931 304 3980 &dl
322 3933 372 3989 qui.

129 4015 326 4031 m—

183 4067 212 4114 ·)
240 4061 297 4116 atat.
320 4061 363 4109 No.
380 4062 461 4108 XXX.
