2574 4732
193 349 250 417 :la
671 333 760 413 asra:
817 421 821 431 ,

190 506 333 580 privatim
354 508 481 560 ‘mecum
504 504 664 575 disputare.
709 505 809 561 Unum
826 511 890 561 erat
908 505 990 577 quod
1009 504 1175 576 replicabat
1196 525 1247 581 as:

190 602 292 656 sidue:
311 592 442 668 revoca,
460 614 590 668 agnosce
608 615 756 660 errorem,
777 599 822 655 sic
840 599 905 653 vult
917 599 997 672 Papa
1014 609 1045 655 et
1062 618 1123 656 non
1144 602 1243 674 aliter,

189 695 284 771 velis,
303 693 403 762 nolis,
422 702 453 748 et
469 693 500 747 id
522 708 616 762 genus
637 692 702 749 alia.
715 686 927 750 'Potissimum
946 704 1028 773 'vero‘
1043 711 1093 749 me
1114 695 1244 765 urgebat

187 785 411 857 Extraragaute
434 773 747 861 quadamclementis
771 787 873 852 sexti,
902 805 967 860 quas
987 788 1105 861 incipit:
1136 791 1241 858 unige-

187 883 277 937 nitus.
314 880 389 961 llic,
414 880 486 948 hic,
512 880 629 951 inquit,
654 877 738 936 vides
759 879 872 952 Papam
891 872 1113 950 determinare,
1132 883 1240 938 merita

188 975 302 1031 Christi
319 989 396 1030 esse
426 973 602 1029 thesaurum
631 972 908 1042 indulgentiarum:
946 977 1045 1032 credis
1059 1012 1076 1045 ,·
1099 977 1147 1030 vel
1177 957 1239 1031 non

174 1067 307 1124 'hredisi
332 1082 390 1121 nec
409 1063 578 1137 patiebatur
600 1066 691 1120 ullam
714 1065 965 1135 declarationem,
991 1078 1042 1125 aut
1063 1070 1240 1141 responsio-

187 1178 275 1230 nem,
292 1160 346 1215 sed
365 1161 394 1215 vi
412 1144 576 1239 verborum
594 1156 701 1227 agebat
718 1168 754 1217 et
765 1158 922 1231 clamabat.

182 1293 187 1311 .
253 1253 390 1311 Tandem
412 1251 548 1322 permisit
573 1249 632 1324 vix,
655 1259 800 1307 exoratus
815 1253 990 1309 multorum
1012 1257 1172 1327 precihus,
1200 1266 1239 1313 ut

185 1347 306 1419 scriptis
330 1345 488 1400 redderem
516 1343 685 1399 rationem:
711 1344 793 1415 quod
814 1343 906 1409 hodie
927 1345 1006 1416 feci,
1032 1361 1178 1417 praesente
1206 1362 1238 1407 et

179 1442 226 1498 ab
252 1442 281 1497 id
304 1441 437 1494 adducto
457 1437 593 1493 Domino
618 1436 759 1511 Phiiippo
779 1439 823 1493 ¹de
850 1438 1030 1505 Feilitzsch,
1056 1443 1186 1496 nomine
1206 1456 1238 1499 et

181 1536 253 1591 vice
266 1532 435 1606 Principis,
454 1532 553 1587 denuo
574 1543 752 1600 suggerente
765 1532 915 1604 Principis
931 1533 1117 1603 petitionem.
1154 1536 1237 1590 Tan.

183 1631 254 1684 dem
269 1628 392 1699 rejectis
413 1625 567 1684 schedulis
589 1636 680 1696 atque
701 1627 879 1696 contemtis,
895 1626 1120 1681 revocationem
1135 1628 1235 1683 denuo

184 1723 349 1779 clamabat:
380 1730 410 1778 et
429 1722 526 1778 multo
547 1721 699 1792 longoque
717 1737 858 1778 sermone
870 1736 914 1776 ex
934 1721 962 1776 S.
983 1720 1110 1775 Thomas
1128 1721 1235 1777 fabulis

182 1823 307 1886 tracto,
333 1832 384 1873 me
411 1815 521 1871 vicisse
539 1824 570 1872 et
596 1814 827 1887 compescuisse·
849 1816 933 1870 visus
958 1823 1022 1870 est:
1047 1815 1147 1870 decies
1171 1816 1235 1870 fere

183 1909 261 1980 ooepi
278 1919 312 1964 ut
329 1910 491 1980 loquerer,
518 1910 610 1964 toties
631 1925 737 1965 rursus
756 1907 880 1965 tonabat
898 1917 928 1963 et
949 1909 1032 1964 solus
1049 1900 1202 1978 regnabat.

248 2002 386 2056 Tandem
405 2012 436 2057 et
455 2019 511 2070 ego
530 2002 659 2057 clamare
684 2003 779 2073 coepi,
804 2003 926 2059 dicens:
954 2002 979 2057 si
996 2012 1099 2073 potest
1119 2003 1236 2059 ostendi

182 2095 264 2164 quod
284 2093 491 2164 Extravagans
511 2095 560 2148 illa
578 2096 690 2163 dictet,
708 2096 815 2151 merita
836 2096 950 2151 Christi
971 2079 1146 2152 thesaurum
1170 2114 1236 2152 esse

182 2186 457 2256 indulgentiarum:
475 2187 642 2253 revocabo,
660 2197 694 2243 ut
717 2188 813 2243 voles.
850 2188 925 2255 Hic,
944 2206 963 2242 o
984 2187 1088 2256 Deus,
1109 2203 1236 2259 quantus

181 2288 284 2350 gestus
306 2291 336 2335 et
355 2280 529 2335 cachinnus.
563 2280 700 2350 Repente
721 2279 832 2334 librum
854 2281 1000 2351 arripuit,
1021 2281 1095 2348 legit
1115 2283 1236 2337 fervens

182 2384 214 2442 et
231 2374 389 2451 anhelans,
409 2375 506 2428 douec
521 2373 658 2442 pervenit
671 2390 726 2442 eo,
746 2373 797 2428 ubi
815 2373 977 2441 scribitur,
997 2375 1077 2444 quod
1094 2373 1235 2430 Christus

182 2484 236 2524 sua
255 2444 391 2537 passione
410 2467 569 2538 acquisivit
589 2467 763 2522 thesaurum
785 2479 843 2524 etc.

250 2561 307 2616 llic
326 2577 399 2630 ego,
417 2558 492 2617 heus
512 2560 604 2617 Pater
620 2552 881 2626 reverendissime,
895 2547 957 2616 hoc
976 2560 1116 2616 verbum:
1133 2563 1236 2633 acqui.

182 2657 270 2726 sivit,
299 2657 460 2728 perpende.
496 2656 525 2710 Si
543 2655 682 2712 Christus
707 2674 761 2728 per
782 2642 842 2711 sua*
858 2658 965 2711 merita
987 2657 1145 2727 acquisivit
1166 2657 1234 2712 the.

182 2766 328 2806 saurum:
366 2767 438 2820 erpo
468 2751 574 2804 merita
603 2767 664 2805 non
698 2760 767 2806 sunt
801 2751 984 2817 thesaurus,
1012 2751 1064 2805 sed
1094 2750 1124 2805 id
1152 2751 1233 2821 quod

182 2845 289 2899 rnerita
306 2855 500 2912 meruerunt,
518 2844 546 2898 id
568 2855 631 2912 est,
659 2843 760 2899 claves
781 2841 935 2903 Ecclesiae.
971 2842 1054 2910 Ergo
1076 2824 1232 2899 conclusio

164 2951 265 2994 ‘vem-
310 2938 367 2992 Hic
400 2951 523 3007 repente
548 2938 712 3006 confusus,
740 2955 810 2992 cum
838 2939 932 2992 ndllet
954 2939 1048 2991 videri
1070 2938 1232 3004 confusus,

183 3016 322 3087 transiliit
341 3033 464 3086 fortiter
485 3033 519 3085 ad
546 3028 620 3099 alia,
645 3043 675 3085 et
696 3032 817 3086 volebat
839 3030 903 3084 haec
927 3030 1063 3085 oblivisci
1084 3032 1231 3101 prudens:

180 3122 290 3179 verum
316 3139 372 3194 ego
401 3127 507 3189 (certe
528 3127 600 3179 saris
620 3123 841 3190 irreverenter)
870 3125 1012 3193 fervens,
1041 3125 1140 3195 erupi:
1171 3141 1233 3178 non

181 3219 272 3273 eriam
292 3218 517 3288 grammaticam
535 3217 624 3271 nobis
640 3219 745 3272 deesse
759 3218 861 3272 credet
881 3217 918 3271 R.
936 3217 972 3272 P.
987 3230 1037 3273 tua
1054 3217 1230 3274 Germanis:

167 3302 261 3369 'aliud
283 3321 329 3367 est
353 3327 419 3366 esse
445 3301 641 3379 thesaurum,
670 3312 747 3366 aliud
776 3325 930 3380 acquirere
963 3311 1147 3365 thesaurum
1191 3311 1232 3366 Et

181 3406 226 3461 sic
248 3406 343 3458 fracta
363 3403 470 3457 fiducia
490 3407 563 3472 ojus.
608 3403 684 3457 Cum
707 3405 805 3458 adh'uc
824 3405 966 3456 clamaret
988 3405 1231 3473 revocationem,

181 3497 258 3566 abii,
278 3501 397 3554 dicente
415 3501 495 3570 ipso:
516 3501 590 3554 vade
609 3512 640 3554 et
657 3515 695 3553 ne
713 3498 874 3552 revertaris
893 3496 927 3549 ad
947 3511 994 3548 me
1014 3497 1155 3566 amplius,
1174 3499 1230 3553 nisi

168 3609 327 3648 revocare
346 3594 432 3647 velis.

250 3685 288 3740 Et
305 3691 379 3739 ecce
398 3700 482 3740 mox.
489 3682 613 3756 prandio
634 3685 714 3740 facto
732 3685 816 3739 adse
837 3693 926 3739 vocat
944 3683 982 3738 R.
1001 3682 1124 3738 Patrem
1142 3683 1232 3739 Vica.

180 3781 259 3836 rium
277 3781 317 3835 D.
337 3780 532 3852 suspirium,
551 3795 581 3832 et
598 3780 698 3834 multis
721 3777 868 3833 blanditiis
886 3778 964 3846 egit,
986 3786 1019 3831 ut
1040 3793 1088 3830 me
1109 3795 1233 3848 persua.

181 3875 266 3930 deret
291 3876 326 3928 ad
347 3873 587 3941 revocationem,
616 3878 687 3937 <rrae
704 3874 851 3939 absente)
877 3887 1013 3928 asserens
1033 3889 1156 3943 quoque
1181 3891 1231 3928 me

180 3985 241 4045 nou
263 3968 376 4023 habere
401 3967 575 4021 amiciorem
604 3966 691 4022 facile
713 3984 802 4039 quam
825 3983 905 4022 sese.
948 3967 1083 4038 Cumque
1106 3966 1153 4021 ille
1182 3985 1231 4022 re.

180 4064 352 4133 spondisset
365 4100 377 4132 ,
403 4078 436 4118 se
462 4061 667 4133 persuasisse,
699 4063 879 4134 persuadere
907 4077 1029 4134 quoque
1058 4062 1171 4131 hodie,
1196 4072 1230 4117 ut
