2574 4732
181 343 241 407 5oe
662 332 752 399 1520.

107 560 110 565 ,
179 500 300 570 ignoras
317 491 402 566 ipse)
422 505 512 561 quam
530 489 652 547 vastitas
668 506 789 557 remor,
808 504 993 561 corporum,
1011 488 1183 544 animarum
1207 499 1242 545 et

179 591 315 649 omnium
334 586 533 658 pessimarum
561 578 664 640 rerum
691 583 820 656 pessima
846 580 993 654 exempla.
1034 582 1121 638 Luce
1151 584 1239 637 enirn

177 685 244 739 lraec
267 681 368 737 omnia
394 680 523 734 clariora
543 690 629 747 sunt,
652 686 684 732 et
709 678 788 733 facta
809 689 855 732 est
876 695 892 731 e
912 677 1050 732 Romana
1070 675 1240 743 Ecclesia,

180 775 333 848 quondam
359 773 494 828 omnium
521 772 708 827 sanctissima
721 812 730 840 ,
754 771 896 842 spelunca
918 769 1069 824 latronum
1090 770 1239 825 licentio.

179 870 314 936 sissima,
332 867 455 937 lupanar
474 865 609 920 omnium
627 866 937 935 impudentissimum,
958 879 1082 933 regnum
1101 864 1237 936 peccati,

177 962 287 1018 mortis
305 970 336 1016 et
354 959 480 1026 inferni,
499 967 533 1013 ut
551 959 586 1012 ad
605 959 748 1014 malitiam
767 958 848 1030 quod
864 958 1006 1025 accedat,
1019 958 1083 1028 jam
1102 958 1236 1026 cogitari

176 1072 240 1110 non
258 1054 373 1126 possit,
392 1070 429 1107 ue
447 1051 654 1107 Antichristus
673 1054 813 1122 quidem,
831 1052 855 1107 si
874 1053 1003 1109 venerit.

248 1147 372 1203 Interim
395 1157 445 1215 tu,
469 1145 554 1213 Leo,
578 1144 658 1200 sicut
680 1161 772 1214 agnus
790 1146 821 1199 in
839 1146 939 1200 medio
961 1146 1102 1216 lnporum
1120 1145 1234 1208 sedes,

178 1243 258 1299 elcut
273 1240 382 1297 Daniel
402 1239 433 1294 in
451 1238 552 1294 medio
570 1238 709 1307 leonum,
728 1245 758 1293 e't
776 1255 845 1294 cum
863 1237 1024 1295 Ezechiele
1044 1240 1122 1293 inter
1141 1254 1236 1294 scor.

176 1339 283 1409 piones
302 1332 431 1405 habitas.
468 1330 549 1403 Quid
566 1332 777 1389 hismonstris
795 1348 872 1387 unus
891 1335 1045 1404 opponas?
1072 1332 1163 1387 Adde
1178 1332 1235 1388 tibi

178 1412 399 1485 eruditissimos
419 1435 449 1480 et
471 1426 603 1497 optimos
629 1426 801 1482 Cardinalce
823 1436 886 1483 tres
910 1438 962 1483 aut
982 1420 1131 1497 quatuor':
1159 1428 1235 1498 quid

175 1523 208 1579 lii
243 1523 320 1578 inter
353 1521 476 1576 tantos?
505 1528 573 1591 ante
601 1536 718 1575 venenu
744 1520 885 1576 omnibus
905 1522 1092 1592 pereundum
1121 1522 1237 1590 vobis,

176 1625 269 1690 quant
283 1617 320 1671 de
341 1613 475 1695 remedio
492 1624 625 1671 statuere
644 1617 877 1686 praesumeretis.
912 1595 1023 1669 Actum
1045 1626 1091 1669 est
1108 1616 1147 1669 de
1167 1616 1235 1671 Ro.

174 1728 263 1768 mana
282 1709 389 1777 Curia,
407 1709 546 1782 pervenit
565 1709 594 1764 io
614 1724 679 1764 eam
701 1711 744 1764 ira
761 1709 821 1764 Dei
844 1725 937 1780 usque
959 1709 987 1763 in
1009 1709 1108 1763 linem.
1146 1709 1233 1766 Con.

175 1806 242 1860 cilia
264 1806 344 1874 odit,
363 1805 522 1859 reformari
541 1805 665 1870 metuit,
685 1805 821 1859 furorem
837 1803 997 1874 impietatis
1014 1819 1074 1858 sun
1090 1803 1234 1874 mitigare

173 1899 298 1971 nequit,
316 1907 348 1955 et
369 1898 474 1971 implet
490 1899 596 1954 matris
616 1914 676 1953 suae
693 1898 840 1968 elogium,
859 1897 896 1951 dc
916 1914 973 1968 qua
990 1897 1116 1951 dicitur:
1135 1913 1234 1952 atro.

173 1995 272 2050 onnus
293 1989 501 2064 Babylonem,
528 1998 557 2047 et
575 2008 637 2047 non
655 2001 699 2048 est
719 2001 851 2048 sanata:
878 1990 1123 2069 derelinquamur
1149 2008 1236 2049 eom.

176 2087 275 2157 Officii
297 2088 418 2157 quidem
439 2087 482 2159 tui
504 2085 766 2158 Cardinaliunrque
790 2096 913 2141 tuorum
933 2088 1047 2152 suerat,
1072 2085 1121 2140 lais
1141 2086 1234 2144 malis

173 2181 312 2234 mederi:
342 2181 395 2234 sed
425 2179 504 2233 ridet
532 2180 680 2233 medicam
705 2179 761 2234 ista
788 2181 919 2249 podagra
943 2195 1080 2246 manum,
1114 2189 1146 2233 et
1174 2199 1233 2238 nec

173 2286 282 2326 currus
304 2270 387 2331 audit
406 2269 550 2326 habenas.
586 2270 650 2325 Hac
671 2267 832 2325 affectione
851 2278 965 2325 tractus
980 2270 1066 2325 'dolui
1087 2288 1235 2343 semper,

174 2363 287 2434 optime
308 2361 392 2429 Leo,
416 2359 464 2415 his
485 2361 600 2416 saeculis
621 2372 651 2415 te
671 2361 850 2416 Pontificem
871 2363 1003 2429 factum,
1023 2365 1071 2433 qui
1092 2369 1234 2424 meliori.

172 2458 231 2514 bus
250 2457 356 2526 dignus
379 2471 456 2510 eras.
494 2454 565 2509 Non
590 2455 669 2509 enim
693 2455 830 2509 Romana
850 2455 939 2510 Curia
958 2466 1093 2510 meretur
1118 2469 1151 2514 te
1175 2464 1232 2517 tui.

173 2570 231 2624 que
259 2552 390 2617 similes,
420 2551 473 2604 sed
492 2549 628 2602 Satanam
647 2550 762 2620 ipsum,
788 2551 838 2621 qui
859 2560 889 2605 et
906 2568 977 2605 vere
997 2552 1062 2621 plus
1082 2569 1178 2623 quarn
1198 2565 1230 2610 tu

173 2648 203 2706 in
224 2646 377 2715 Babylone
397 2646 453 2698 ista
472 2653 585 2712 regnat.
726 2639 731 2649 '

243 2741 271 2796 O
292 2742 405 2794 utinam
429 2738 565 2809 deposita
591 2740 665 2800 ista,
696 2754 783 2811 quam
803 2739 857 2794 tibi
881 2740 1006 2808 gloriam
1029 2756 1094 2800 esse
1109 2742 1231 2810 jactant

170 2835 278 2891 hostes
296 2835 338 2888 tui
358 2833 569 2903 perditissimi,
594 2834 713 2903 privato
733 2833 833 2903 potius
854 2834 1076 2902 sacerdotium,
1097 2846 1149 2890 aut
1167 2838 1230 2891 hae.

172 2930 299 2984 reditate
321 2938 443 2997 paterna
458 2926 626 2981 victitares:
645 2927 704 2980 hac
723 2927 817 2994 gloria
834 2928 955 2996 gloriari
974 2945 1034 2982 non
1047 2938 1116 2982 sunt
1132 2930 1225 2998 digni,

173 3021 230 3076 nisi
251 3021 473 3085 SchariutideS,
493 3018 541 3072 lilii
562 3020 750 3087 perditionis.
786 3020 867 3093 Quid
886 3023 964 3076 enim
982 3023 1056 3077 streis
1075 3025 1106 3076 in
1122 3023 1225 3096 Curia,

171 3116 212 3167 mi
231 3112 312 3180 Leo,
332 3114 387 3167 nisi
407 3121 439 3165 ut
454 3102 484 3176 s)
505 3128 565 3182 quo
587 3114 779 3185 quisquerat
796 3114 973 3170 sceleratior
989 3127 1018 3170 et
1040 3119 1226 3180 execratior,

171 3222 208 3259 eo
237 3206 353 3259 felicius
378 3216 481 3259 utatur
504 3214 557 3260 tuo
583 3207 705 3260 nomine
728 3217 758 3261 et
783 3209 964 3276 autoritate,
995 3209 1030 3263 ad
1058 3211 1227 3279 perdendas

77 3353 81 3361 ,
169 3297 327 3355 hominum
349 3301 490 3366 pecunias
512 3310 543 3353 et
563 3301 694 3368 animas,
722 3302 757 3355 ad
783 3302 1005 3373 multiplicanda
1028 3299 1162 3370 scelera,
1189 3307 1227 3360 ad

171 3391 398 3463 opprimendam
424 3391 511 3446 fidem
538 3407 568 3447 et
594 3395 772 3461 veritatem,
799 3412 868 3448 cum
893 3406 956 3449 tota
983 3395 1119 3451 Ecclesia
1141 3397 1226 3454 Dei?

172 3487 199 3542 O
219 3500 326 3538 revera
349 3483 554 3539 infelicissime
574 3486 656 3555 Leo,
676 3501 706 3541 et
724 3487 982 3558 periculosissimo
1004 3491 1112 3544 sedens
1133 3492 1224 3548 soliu.

169 3580 335 3635 Veritatem
366 3576 443 3629 enim
474 3576 527 3631 tibi
555 3579 644 3647 dico,
678 3583 745 3651 qaia
771 3581 848 3635 bona
879 3581 933 3635 tibi
962 3582 1044 3636 volu.
1088 3584 1116 3636 Si
1142 3586 1224 3641 enim

170 3673 341 3745 Bernartius
360 3686 414 3725 suo
434 3668 571 3737 Eugenio
591 3675 793 3742 compatitur,
812 3690 881 3727 cum
903 3676 1001 3729 adhuc
1021 3677 1148 3731 meliore
1170 3668 1224 3750 spe

169 3769 307 3823 Romana
317 3766 464 3830 sedeas),
488 3763 559 3818 licet
579 3776 642 3818 tum
656 3783 783 3838 quoque.
791 3770 1030 3840 corruptissima,
1049 3771 1228 3839 imperaret:

225 3981 253 4032 f)
283 3979 539 4033 parituram
564 3993 640 4030 —ttt.

222 4063 253 4116 g)
281 4058 604 4108 norit-ttonredes.
