2574 4732
554 291 645 359 1519.
1060 289 1127 356 *303

140 456 308 513 Persuasus
329 469 406 509 vero
423 464 508 518 snm,
526 448 577 505 ubi
592 431 660 504 baec
678 446 788 503 viderit
806 445 918 505 Eccius
932 465 1019 505 meus
1035 448 1126 508 Ecci.

73 568 188 624 anaque
213 552 321 617 factio,
350 547 451 603 statim
471 545 695 598 vociferaturos
719 556 808 607 esse,
833 557 894 595 non
917 559 1054 602 servasse
1075 563 1124 602 me

73 646 188 715 ludus,
204 649 264 699 'uec
282 637 477 696 conventioni
496 635 652 707 paruisse,
670 632 722 687 nbi
742 644 864 689 cautum
885 647 953 705 est,
969 655 1007 693 ue
1024 641 1126 711 dispn.

72 741 148 795 tatio
168 736 340 806 invnlg'etur
357 743 429 788 aute
450 731 606 787 decretum
620 727 769 798 judicum.
813 720 907 800 Quasi
930 746 1005 786 vero
1028 735 1124 794 ullum

73 844 195 907 pactum
213 829 302 885 uobis
326 842 458 897 nuquam
480 823 669 880 servaverint
695 821 762 892 ipsi.
798 821 982 894 Respondes
1002 837 1126 898 tamea,

72 940 122 980 ms
151 922 348 988 convenisse,
376 937 414 975 ne
439 935 494 991 per
519 932 577 972 nos
604 917 766 986 disputatio
798 917 973 986 mulgetur,
999 936 1033 976 eu
1059 939 1125 994 qna

72 1034 163 1075 manu
181 1017 371 1073 notariorum
388 1021 516 1085 excepta
533 1020 592 1066 est.
629 1009 746 1065 Cretera
764 1026 839 1066 reru
856 1013 1048 1083 exemplaria,
1065 1019 1127 1074 sic.

73 1116 110 1168 ut
141 1109 371 1185 permittebatur
390 1107 525 1163 'cuilibet
562 1104 618 1161 sibi
650 1105 754 1160 eadem
773 1104 944 1174 colligendi
974 1120 1127 1181 potestas,

23 1195 25 1200 ¹
74 1205 143 1279 quis
163 1205 354 1277 prohibebit.
386 1219 425 1258 ne
450 1200 598 1256 edantur?
620 1198 678 1257 Sed
704 1207 793 1266 esto,
818 1215 876 1254 uec
895 1201 960 1272 ipsa
979 1204 1126 1262 edantur:

53 1315 178 1356 mrum
202 1300 312 1357 notarii
341 1297 506 1369 exemplar·
523 1311 586 1349 nou
617 1293 745 1360 edetur,
772 1293 899 1364 pulchre
932 1295 973 1351 ita
1003 1307 1126 1356 servato

74 1406 175 1467 pacto.
211 1395 343 1461 Verum,
367 1408 407 1447 ue
438 1398 584 1462 praeterea
614 1386 801 1455 scriberem,
830 1403 892 1443 non
917 1385 1032 1461 pepigi,
1062 1392 1126 1450 imo

75 1491 174 1562 palam
193 1498 379 1560 protestatus
394 1500 477 1550 sum,
496 1497 566 1536 cum
586 1479 785 1551 iniquioribus
803 1491 938 1538 nostram
954 1482 1126 1543 libertatem

75 1582 302 1640 conditionibus
315 1585 462 1632 vexarent
471 1616 482 1645 ,
498 1591 536 1630 ue
554 1582 784 1647 praesumerent,
801 1591 851 1630 me
864 1577 1051 1635 taciturum:
1070 1582 1126 1637 ita.

75 1694 137 1750 que
151 1678 225 1733 uolo
245 1683 361 1729 tacere.
844 1677 848 1684 ’

74 1782 86 1817 i
153 1770 211 1824 Sed
240 1767 318 1835 tinge
343 1779 392 1818 me
419 1764 460 1817 ita
486 1761 651 1832 pepigisse,
681 1776 779 1830 rogo,
811 1771 880 1819 uter
904 1765 1002 1836 primo
1034 1770 1132 1830 solvit

75 1864 220 1936 pactum?
236 1859 349 1916 Nonne
359 1856 493 1922 Eccius‚
511 1857 581 1926 qui,
599 1864 633 1909 ut
649 1855 759 1924 audio,
775 1857 948 1928 ampullosis
962 1872 993 1915 et
1003 1862 1128 1934 iniquis.

76 1956 163 2011 simis
175 1953 271 2010 literis
290 1951 380 2006 etiam
397 1949 550 2005 illustriss.
571 1948 747 2020 Principem
761 1959 791 2006 et
802 1949 970 2009 Patruunm
988 1965 1127 2013 nostrum

73 2048 205 2121 (quem
218 2063 279 2103 suaa
296 2045 418 2101 factioni
439 2043 648 2114 stupidissimas
664 2043 793 2120 similem
812 2047 963 2116 somniat)
989 2068 1129 2108 currum.

78 2160 152 2217 pere
172 2141 296 2197 molitus
318 2149 383 2208 est,
409 2138 539 2209 pessima
558 2138 595 2191 de
616 2154 688 2205 me,
718 2149 862 2208 quantum
883 2145 1000 2214 potuit,
1023 2160 1129 2202 recen.

77 2254 166 2304 sens,
192 2236 275 2308 quasi
301 2249 456 2303 negassem
480 2232 509 2287 S.
530 2231 657 2287 Parrum
679 2234 766 2288 simul
791 2219 925 2292 omnium
944 2242 1126 2305 sententias,

60 2332 153 2390 ‚mihi
173 2331 230 2386 soli
251 2329 416 2397 arrogarim
439 2328 601 2397 Scripturas
620 2328 862 2399 intelligentiam,
890 2334 1017 2388 concilia
1040 2335 1130 2406 odg‘a.

79 2428 155 2493 ritu,
177 2425 339 2480 haereticos
362 2423 561 2478 defenderim.
595 2415 649 2476 His
672 2423 750 2476 euim
768 2425 933 2480 mendaciis
958 2427 1131 2483 homoille

79 2534 172 2590 purus
192 2528 223 2572 et
244 2535 269 2572 s.
289 2516 451 2586 theologus
475 2526 536 2570 tarn
556 2530 678 2570 sacrum
694 2528 725 2569 et
741 2517 911 2571 venerabile
929 2531 1020 2588 caput
1038 2537 1129 2577 ausus

81 2620 129 2664 est
144 2619 260 2664 tentare
267 2648 278 2677 ,
296 2619 327 2663 et
344 2625 392 2663 me
414 2624 519 2662 coram
540 2609 656 2678 optimo
673 2607 815 2678 Principe
834 2619 894 2664 tarn
910 2613 1029 2680 egregie
1044 2630 1130 2669 corn.

80 2703 235 2756 mendane.
277 2699 360 2773 Quid
387 2699 542 2767 edatius,
571 2710 674 2770 putas,
699 2700 807 2756 scribit
829 2711 859 2755 ot
886 2702 1021 2772 loquitur
1043 2707 1128 2771 (siue

77 2796 200 2852 scilicet
225 2793 304 2865 pacti
332 2792 536 2858 violatione),
568 2794 619 2863 qni
649 2795 686 2848 ad
713 2803 852 2848 nostrum
881 2795 1047 2855 Patronum
1074 2802 1131 2856 ista

81 2889 211 2946 scribit?
230 2891 292 2943 Aut
310 2887 381 2957 quid
399 2888 476 2957 apud
496 2887 620 2943 aemulos
635 2901 721 2940 meos
739 2902 843 2941 verum
862 2888 1010 2959 diceto),
1029 2895 1078 2963 qui
1095 2895 1132 2949 ad

80 2985 195 3051 talem,
220 2992 282 3036 tam
301 2981 498 3053 prudentem,
524 2990 585 3036 tam
607 2978 806 3035 formidabitis
826 2982 933 3052 judicii
958 2984 1132 3060 Principem

76 3078 202 3134 mentiri
221 3076 295 3132 nihil
314 3076 428 3147 pudet?
555 3138 559 3155 ι

77 3220 82 3227 .
145 3172 251 3226 ·Audio
279 3171 407 3240 denique
432 3168 578 3224 conflasse
604 3185 673 3223 cum
699 3171 842 3240 quasdam
872 3170 1131 3243 interpretationes

75 3283 179 3338 snper
195 3265 329 3321 articulis
354 3263 551 3337 quibusdam,
580 3262 655 3318 mihi
683 3278 736 3333 per
762 3263 913 3334 inquietos
943 3276 973 3320 et
997 3269 1066 3323 mali
1086 3272 1133 3326 sui

84 3360 211 3429 cupidos
225 3359 406 3414 fraterculos
421 3357 585 3429 impositis:
604 3367 693 3428 utque
711 3358 820 3412 iterum
832 3373 882 3413 me
895 3376 999 3414 coram
1015 3378 1135 3432 magna.

67 3454 166 3509 *tibus
185 3453 260 3506 mira
284 3453 432 3507 charitate
452 3450 676 3520 Manicheum,
701 3451 871 3521 Hussitam,
896 3452 1134 3524 Wiclrleiistam,

85 3558 116 3603 et
136 3547 240 3601 nescio
264 3556 339 3616 quot
360 3545 520 3614 generibus
539 3543 714 3600 haereticum
738 3547 942 3618 descripsisse.
987 3550 1035 3605 Sic
1053 3552 1135 3607 solet

84 3641 215 3696 Ecciana
236 3639 383 3694 modestia
405 3655 527 3696 servare
546 3650 679 3710 pactum.
716 3639 827 3694 Verum
849 3640 927 3697 lianc
946 3658 1030 3698 suam
1055 3644 1133 3698 insa.

83 3737 163 3790 niam
185 3734 259 3788 mihi
283 3734 371 3787 facile
390 3742 436 3788 est
457 3743 671 3804 contemnere,
695 3735 745 3806 qui
765 3736 865 3792 norim
885 3737 1018 3793 hominis
1038 3738 1133 3792 ferme

84 3839 181 3884 totam
201 3826 462 3900 suppellectilem?
483 3830 586 3901 Atque
603 3830 655 3885 ubi
673 3829 722 3885 iila
739 3844 793 3886 sua
814 3830 961 3899 genimina
979 3830 1008 3885 in
1026 3834 1131 3886 manu't

138 4032 171 4084 tt)
199 4027 227 4074 A·
247 4027 272 4076 2·
291 4027 358 4075 uicit.
