2574 4732
545 299 636 368 1⁵19.
851 359 853 362 .
986 251 1112 366 ¹scs

65 466 239 525 rectossaunt
248 457 366 529 judicio
383 455 517 525 magistri
540 456 582 511 illi
594 453 696 511 nostri
711 455 839 524 eximii,
852 462 897 511 ‘ut
913 456 1112 513 eruditionem

65 554 233 625 metiantur
252 552 418 608 secundum
448 550 683 620 qualificationes
712 563 779 603 suas
809 558 840 602 et
866 549 966 606 inanes
996 552 1110 608 titulos.

67 648 200 703 conatus
218 656 263 702 est
285 656 316 701 et
335 646 462 700 eundem
486 644 561 699 mihi
581 641 762 698 invidiosum
781 641 926 707 reddere,
952 645 1023 698 dum
1039 645 1114 702 mihi

67 752 99 797 et
126 740 277 810 ingenium
297 749 328 793 et
348 739 562 805 eruditionem,
587 736 693 790 nescio
715 744 854 806 quantam
878 735 995 791 tribuit.
1033 738 1119 799 Nam

68 843 102 889 nt
121 833 183 888 hoc
204 834 292 889 etiam
315 833 409 894 scias,
437 847 486 884 me
504 847 626 902 quoque
643 829 777 882 nonnihil
799 828 902 898 gloriae
919 831 1059 891 retulisse
1075 847 1116 889 ex

69 928 269 1000 disputatione
289 928 363 995 ista,
390 926 494 982 tribuit
521 925 594 981 mihi
612 924 723 979 Eccius
743 924 963 990 eruditionem,
981 924 1117 985 tribuunt

69 1031 101 1077 et
116 1021 277 1094 Lipsenses
290 1022 364 1076 eden
380 1022 546 1093 (quantum
567 1020 645 1072 fama
666 1018 772 1087 cepi),
800 1025 833 1070 ut
851 1018 907 1071 nisi
932 1015 1029 1079 Eccio
1048 1017 1120 1075 sub.

69 1116 204 1172 sidiaries
222 1131 295 1188 opes
311 1115 499 1171 suffecissent
517 1109 593 1182 ipsi,
611 1110 761 1165 fateantur
778 1109 938 1164 Ecciuma
958 1126 1006 1163 me
1026 1111 1120 1166 fuisse

70 1221 272 1280 prostratum:
300 1216 389 1277 atque
415 1206 455 1260 ita
476 1204 605 1260 victoria
622 1203 686 1272 jani
714 1202 750 1256 ab
778 1202 873 1259 Eccic
898 1205 926 1258 in
958 1203 1121 1275 Lipsensea

71 1303 175 1375 incipit
200 1300 337 1369 migrare.
379 1284 497 1354 Rursus
518 1296 646 1364 dicitur,
673 1295 755 1350 illurn
777 1295 966 1365 magnificum
984 1306 1122 1353 contem.

71 1406 171 1451 torem
187 1392 348 1465 Lipeenses
369 1391 510 1447 habuisse
528 1409 585 1464 pro
607 1390 696 1446 bouis
722 1391 843 1460 quidem
866 1391 1051 1455 hominibus,
1067 1392 1121 1447 sed

70 1488 102 1543 in
121 1486 230 1558 quihus
243 1486 332 1555 longe
344 1485 429 1557 plura
444 1495 593 1556 sperasset
604 1482 617 1549 ,'
633 1493 663 1538 et
680 1499 713 1538 se
733 1484 832 1538 solum
850 1487 949 1539 omnia
969 1486 1087 1540 fecisse.

140 1580 185 1635 lte
202 1581 286 1636 vides
304 1595 414 1636 novam
435 1578 581 1650 quandam
599 1577 688 1632 Iliada
711 1585 741 1632 et
759 1577 890 1632 Aeneida
908 1579 975 1633 illos
992 1589 1123 1650 cantare,

72 1682 103 1731 et
130 1690 180 1730 me
212 1673 318 1729 saltem
346 1672 478 1727 Hectora
512 1681 543 1725 et
568 1671 708 1725 Turnum
736 1669 904 1739 arbitrari,
941 1688 1002 1740 quc
1039 1674 1125 1743 illum

72 1767 223 1824 Achillem
247 1775 278 1820 et
301 1767 435 1819 Aeneam
459 1773 610 1819 statuant:
649 1765 705 1819 nisi
735 1764 814 1834 quod
845 1764 874 1818 in
899 1762 962 1819 hoe
993 1765 1124 1822 victoria

30 1910 33 1915 .
70 1860 214 1925 'fluctuat‚
233 1874 269 1913 an
288 1859 350 1914 suis
369 1857 399 1912 id
417 1855 526 1913 Eceius
543 1857 727 1928 praestiterit,
748 1873 784 1936 an
800 1857 990 1929 Lipsensiuin
1008 1859 1123 1930 viribus

73 1965 105 2010 et
123 1954 229 2026 copiis.
273 1951 397 2014 Certum
418 1960 465 2006 est
486 1950 583 2022 ipsum
604 1951 701 2006 solum
721 1954 842 2022 semper
863 1950 1027 2019 clamasse,
1057 1953 1125 2031 illos

71 2057 174 2103 antem
197 2061 318 2117 semper
347 2044 486 2102 tacuisse.
533 2041 666 2101 Putasne
696 2038 818 2115 magnas
848 2042 903 2101 me*
928 2045 987 2102 illis
1016 2045 1127 2103 dehere

75 2140 213 2209 gratiaci

144 2234 201 2288 Sed
227 2234 320 2289 redeo
344 2234 381 2288 ad
404 2232 597 2305 Philippum,
616 2249 707 2306 quem
721 2242 842 2288 tantum
868 2234 976 2303 abest,
993 2245 1027 2292 ut
1049 2236 1126 2293 ullus

73 2327 186 2384 Eccius
213 2327 287 2382 mihi
320 2327 446 2382 reddere
478 2329 575 2398 possit
606 2328 806 2398 invidiosum,
833 2337 867 2384 nt
898 2330 927 2384 in
957 2331 1038 2386 omni
1060 2346 1128 2386 mea

74 2421 265 2493 professione
297 2421 370 2477 nihil
398 2424 506 2477 ducam
535 2423 684 2495 antiquius
708 2422 839 2495 Philippi
867 2423 1008 2492 calculo,
1042 2426 1129 2494 cnjus

75 2513 163 2569 unius
189 2515 336 2581 Judicium
360 2525 389 2569 et
414 2516 561 2571 autoritas
584 2516 658 2570 mihi
687 2524 766 2570 stant
790 2532 845 2587 pro
872 2517 975 2571 multis
997 2517 1129 2573 millibus

76 2606 269 2660 sordidorum
297 2605 470 2664 Ecciorum.
510 2607 620 2680 Neque
636 2624 689 2662 >me
716 2609 833 2678 pudet,
868 2609 925 2662 etsi
952 2609 1129 2677 magistrum

78 2698 216 2762 artium,
247 2697 444 2768 philosophias
466 2707 496 2752 et
526 2699 685 2768 theologiae
714 2708 744 2753 et
771 2699 911 2754 omnihus
941 2716 1022 2770 paene
1044 2699 1130 2758 Eccii

77 2792 173 2847 titulis
199 2791 362 2859 insignem,
389 2793 413 2845 si
437 2791 528 2861 hujus
555 2791 628 2846 mihi
655 2791 864 2859 grammatistae
890 2793 1063 2847 dissenserit
1086 2793 1131 2848 in.

79 2887 216 2955 genium,
243 2901 312 2945 meo
338 2899 427 2938 sensu
448 2885 567 2940 cedere.
604 2884 697 2959 Quod
716 2895 746 2939 et
772 2883 879 2953 saepius
902 2886 979 2951 feci,
1004 2897 1035 2941 et
1055 2902 1133 2958 ‹puo-

80 2981 150 3035 tidie
175 2979 272 3046 facio,
301 2978 342 3032 ob
367 2977 500 3034 divinum
524 2980 656 3046 donum,
689 2979 771 3049 quod
794 2978 882 3033 Deus
907 2977 936 3033 in
957 2979 1019 3034 hoc
1040 2979 1131 3050 fictile

81 3074 236 3129 vasculum
266 3067 386 3139 (Eccio
416 3071 536 3142 quidem
558 3069 788 3140 contemtibile)
815 3071 895 3140 larga
920 3060 1130 3134 benedictione

81 3167 198 3223 infudit.
218 3165 391 3237 Philippum
408 3181 469 3220 non
483 3165 591 3233 laudo,
608 3174 744 3221 creatura
760 3175 804 3220 est
817 3165 901 3233 Dei,
920 3177 950 3221 et
965 3166 1057 3233 nihil,
1075 3168 1128 3224 sed

82 3276 157 3331 opus
180 3259 240 3314 Dei
268 3261 327 3314 mei
355 3260 384 3313 in
412 3259 477 3328 ipso
500 3264 727 3328 veneror„nec
748 3258 874 3314 Eceium
898 3256 1058 3332 vitupero:
1077 3262 1131 3318 sed

82 3369 197 3409 crassas
217 3353 289 3409 istas
309 3353 488 3408 seminandae
509 3353 664 3408 discordie
685 3363 716 3408 et
736 3353 851 3408 invidiae
870 3355 1056 3412 concitanda
1077 3372 1132 3410 va.

81 3448 177 3503 frities
201 3457 267 3501 tcto
291 3448 384 3501 corde
414 3448 549 3501 detestor
571 3447 817 3517 abominorque,
836 3463 918 3518 ,quus
941 3464 1039 3519 neque
1069 3449 1133 3521 fre„

80 3540 255 3614 quentiores
272 3557 369 3611 neque
385 3541 575 3610 maligniores
592 3545 719 3611 usquam
740 3541 822 3609 vidi,
854 3557 941 3612 quam
964 3543 994 3597 in
1015 3541 1130 3608 Eecio,

80 3633 190 3706 quihus
215 3645 245 3688 et
270 3651 352 3705 paene
380 3634 474 3690 totius
496 3642 618 3692 nostro*
633 3629 841 3704 disputationis
867 3635 1048 3703 farraginem
1072 3636 1133 3690 fer.

82 3728 238 3791 mentavit,
281 3727 361 3782 Nam
387 3725 446 3782 hac
470 3743 529 3782 una
558 3716 622 3782 sola
644 3742 724 3797 pone
752 3743 784 3781 re
809 3728 939 3799 pessima
959 3735 1134 3800 potensest

82 3819 213 3889 Eeoius,
231 3821 266 3877 nd
286 3838 350 3877 rem
368 3821 570 3891 theologicam
588 3811 642 3886 dice
658 3815 721 3892 srpdr
735 3814 827 3892 adeun

156 3908 158 3911 ’
182 3929 251 4011 eu.
274 3929 303 3998 1.
859 3934 910 4004 a»,
953 3918 957 3925 ·
