2574 4732
197 312 259 373 302
677 303 766 374 1519.

199 467 360 531 affirment,
377 478 462 517 susm
478 462 566 532 juxis
586 469 617 516 et
641 463 831 518 oscitantiam
850 462 880 519 in
897 462 1024 533 legendo
1041 473 1073 521 et
1085 466 1248 522 demente.

197 572 260 617 tem
279 561 307 613 in
321 557 485 626 judicando
502 554 643 610 omnibus
660 555 791 609 ludibrio
808 571 1005 625 exponentes.

265 655 384 708 Deinde
402 655 426 709 si
444 666 505 705 nou
524 651 623 720 placet
643 648 700 703 ista
713 649 913 704 conciliorum
932 655 1112 723 concordia,
1132 665 1164 710 et
1178 671 1248 727 per.

196 750 336 805 tinaeiter
360 747 433 803 mihi
459 746 616 801 Constant.
641 759 733 798 unum
752 753 859 798 contra
877 745 937 801 duo
955 744 1152 806 obtendatur:
1182 753 1247 820 jam

194 860 256 899 non
275 842 392 897 difficile
409 840 483 895 mihi
504 841 562 894 erit
582 847 734 906 statuere,
757 830 855 895 uirius
879 841 1022 896 autoritas
1045 840 1152 896 debeat
1171 862 1248 914 praa.

194 939 373 1010 ponderare.
407 934 487 990 Nam
509 939 579 988 curn
599 932 761 988 concilium
784 935 881 1005 possit
906 952 1024 1004 errare,
1044 937 1145 1006 potius
1166 938 1248 993 Con.

194 1042 286 1087 stant.
305 1046 395 1102 quam
417 1028 576 1083 Nicaeuum
596 1035 627 1081 et
647 1026 822 1083 Africanum
843 1045 960 1084 errasse
980 1029 1145 1099 confitear,
1164 1033 1247 1102 quod

195 1127 261 1181 haec
285 1126 374 1194 longe
401 1121 518 1177 felicius
549 1136 638 1193 quam
660 1120 733 1176 illud
757 1124 964 1192 processerint
986 1132 1016 1178 et
1035 1125 1175 1194 egerint,
1211 1143 1247 1182 ac

192 1220 326 1291 jamdiu
350 1217 444 1271 sacris
468 1214 638 1284 Evangeliis
661 1215 750 1270 etiam
774 1232 834 1285 prae
858 1219 976 1273 crateris
998 1218 1135 1274 conciliis
1161 1236 1248 1279 com.

195 1323 297 1386 parsta
315 1312 393 1378 sint,
412 1311 578 1381 presertim
597 1309 770 1377 Nicetium,
788 1310 824 1363 sd
843 1327 932 1382 quarn
949 1311 1076 1380 gloriam
1099 1313 1247 1369 Constan.

189 1408 291 1461 tiense
317 1405 446 1460 necdum
470 1403 617 1475 persenit.
664 1401 705 1458 Et
728 1404 758 1458 iu
787 1403 850 1459 hec
878 1405 1020 1460 imitabor
1045 1407 1246 1463 novissimum

194 1502 287 1557 Rom.
307 1499 492 1568 Concilium,
517 1499 627 1569 inquo
650 1496 811 1553 Besiliensc
833 1498 1002 1554 damnatum
1023 1510 1088 1567 est,
1115 1509 1147 1556 et
1165 1501 1246 1558 Con.

195 1596 359 1652 stantieuse
380 1609 501 1666 quoque
527 1606 649 1664 passum
672 1608 734 1648 nou
754 1606 845 1663 parra
870 1607 931 1647 susa
958 1595 1127 1650 autoritatis
1154 1599 1247 1653 detri-

195 1702 313 1759 menta,
332 1691 403 1745 dum
422 1688 533 1760 Papam
552 1703 642 1759 supra
659 1686 822 1742 concilium
841 1701 907 1742 esse
925 1687 1041 1755 sanxit,
1067 1690 1153 1758 cujus
1171 1707 1247 1747 con.

194 1786 321 1841 trarium
345 1785 375 1839 in
399 1781 619 1838 constantiensi
642 1781 799 1851 delinitum
825 1790 883 1836 est.
923 1783 1024 1851 Atque
1050 1782 1090 1836 ita
1115 1783 1245 1844 invicem

195 1895 263 1935 sese
282 1871 473 1949 reprobantia
493 1877 621 1932 concilia
641 1877 760 1932 interim
779 1876 850 1931 satis
870 1891 926 1931 uos
947 1885 1029 1931 tulos
1048 1878 1196 1947 reddunt,
1217 1888 1247 1934 et

194 1973 309 2028 liberos
334 1973 369 2027 ad
393 1972 661 2025 contradicendum
688 1972 835 2041 utrisque.
881 1970 958 2044 Quae
980 1972 1059 2025 enim
1081 1970 1137 2026 sibi
1159 1973 1246 2027 dissi.

195 2068 285 2133 dent,
311 2066 359 2119 cui
380 2064 582 2119 convenient?
609 2065 711 2133 Atque
730 2064 796 2117 haec
815 2063 921 2130 latius,
947 2062 1017 2117 Deo
1040 2066 1146 2131 dante,
1174 2081 1247 2122 cum

192 2158 305 2212 Ecoius
323 2159 353 2211 in
372 2156 526 2227 publicum
544 2171 577 2210 se
594 2156 720 2211 dederit.

260 2249 373 2302 Verum
394 2250 530 2319 quando,
554 2257 588 2301 ut
607 2248 685 2313 dixi,
710 2247 767 2300 hac
786 2246 986 2316 disputatione
1006 2249 1100 2315 magis
1121 2256 1246 2319 tempus

193 2351 238 2396 est
261 2342 433 2412 perditum,
469 2356 558 2410 quam
583 2342 692 2394 veritas
725 2340 870 2409 quaesita:
903 2340 973 2394 volo
998 2341 1262 2411 propositionum·

191 2451 326 2489 mearum
358 2435 558 2490 resolutiones
590 2435 620 2487 in
650 2434 748 2487 lucem
780 2434 871 2503 dare,
908 2434 1060 2501 conlisus,
1092 2436 1244 2501 majorem

192 2529 373 2599 cognitionis
388 2529 520 2582 fructum
542 2527 614 2582 hinc
634 2536 874 2598 proventurum,
904 2532 1037 2600 quamsi
1060 2531 1107 2586 bis
1130 2534 1245 2601 septies

194 2627 229 2679 ad
254 2625 336 2678 hunc
359 2623 483 2678 modum
511 2623 688 2694 disputetur.
726 2620 848 2695 Quare,
877 2624 901 2677 si
926 2625 973 2678 cui
994 2625 1097 2679 videar
1119 2643 1241 2690 errare,

194 2737 258 2789 age,
278 2719 415 2773 confutet
431 2733 584 2784 errorem,
598 2717 622 2772 si
642 2717 716 2785 odit,
735 2725 786 2770 aut
804 2717 936 2773 rectiora
955 2719 1073 2785 doceat,
1093 2722 1116 2773 si
1137 2720 1243 2787 diligit.

261 2813 382 2882 Habes,
411 2813 451 2867 mi
477 2811 652 2868 charissime
678 2810 839 2881 Spalatine,
864 2811 1024 2867 historiam
1048 2813 1111 2865 iere
1133 2822 1242 2869 totam.

192 2907 272 2964 Nam
293 2907 317 2962 si
340 2924 397 2978 qua
418 2907 472 2960 alia
496 2923 556 2961 non
576 2905 637 2961 dixi
657 2907 692 2959 ad
711 2907 910 2960 reverentiam
930 2907 1243 2977 Academiae1.ipsen.

192 3005 255 3070 sis,
280 3002 353 3057 mihi
377 3001 578 3066 citatissimae,
604 3017 664 3055 nou
689 2999 768 3063 dixi,
792 3016 830 3053 ne
856 2999 934 3068 regis
956 3000 1084 3053 ldumeae
1111 2984 1179 3054 ossa
1205 3003 1241 3056 ad

192 3097 310 3151 cineres
331 3097 508 3164 redigerem.
546 3094 726 3168 Quanquam
745 3094 800 3148 nisi
822 3092 932 3148 scirem
951 3093 1013 3146 hoc
1037 3094 1112 3147 meis
1133 3110 1243 3164 pecca.

192 3191 230 3245 tis
252 3191 403 3256 debitum,
421 3191 492 3244 satis
511 3190 629 3256 indigne
648 3189 777 3254 ferrem,
797 3203 845 3240 me
865 3197 927 3241 tarn
945 3186 1097 3241 sterilibus
1111 3190 1242 3255 nogotiis

192 3285 334 3352 occupari
355 3285 392 3335 de
417 3281 627 3349 indulgentiis,
653 3282 782 3351 primatu
804 3291 834 3335 et
852 3281 1034 3351 privilegiis,
1062 3282 1185 3352 aliisque
1205 3285 1242 3339 ad

189 3377 316 3430 salutem
342 3376 414 3429 nihil
439 3376 616 3430 necessariis
644 3375 754 3437 rebus,
787 3375 955 3447 quibusvab
985 3377 1107 3447 optimis
1132 3390 1242 3433 nostro

189 3471 299 3524 saeculo
312 3469 418 3523 studiis
432 3485 547 3524 avocor
568 3470 815 3539 indignabundus.
846 3462 926 3524 Nurrl
942 3481 974 3523 ut
988 3469 1137 3523 illustriss.
1152 3469 1253 3525 Prin.

192 3579 263 3633 ceps
277 3563 348 3615 Dux
365 3562 517 3630 Georgius
537 3565 765 3633 prudentissime
782 3564 885 3620 ambus
904 3580 960 3618 nos
979 3562 1142 3617 verberans
1156 3563 1245 3633 dixit,

191 3659 255 3713 sive
274 3657 335 3711 hoc
354 3657 475 3724 sitjure
495 3658 612 3723 divino,
638 3660 700 3714 sive
720 3660 870 3726 humano,
895 3659 988 3714 Rom.
1004 3658 1151 3712 Pontifex
1171 3667 1244 3727 est,

190 3763 219 3807 et
241 3759 339 3805 manet
359 3765 495 3805 summus
518 3750 684 3805 Pontifex:
712 3755 752 3806 ita
772 3768 843 3806 vere
864 3753 965 3820 dixit,
996 3761 1026 3807 et
1048 3769 1107 3808 aron
1134 3752 1246 3807 leviter

191 3847 327 3903 inutilem
353 3848 431 3901 hanc
454 3856 590 3900 nostram
614 3847 846 3915 disputationem
872 3846 976 3916 insigni
1001 3846 1061 3902 hac
1092 3848 1246 3904 modestia

103 3941 106 3947 '
195 3943 318 3996 taxavit.
