2574 4732
462 359 465 363 ·
563 337 684 443 r1517.
719 350 723 356 ·
1070 388 1074 399 ,
1115 342 1159 411 rs

115 496 274 556 delectatis
292 498 332 556 ite
347 496 475 555 culicem
489 499 520 554 in
532 497 628 555 eumn
642 496 776 555 colam
787 506 926 572 tanquam
936 501 1052 571 vitium,
1072 504 1156 574 quod

113 592 148 649 in
178 592 267 649 nobis
291 592 423 650 camelas
441 601 507 662 eat,
536 602 666 651 attamen
686 594 825 663 glutimus
848 605 989 669 tanquam
1007 611 1155 654 summam

115 685 273 743 virtutem.
690 670 693 675 ⁵
964 746 971 758 ,

186 779 291 852 itaque
316 779 411 848 scias,
434 795 484 837 me
504 797 558 859 eos¹
578 781 759 843 Momorum
783 781 913 838 lemures
929 781 1001 839 nihil
1016 782 1157 855 majoris,

116 886 210 944 quern
225 873 356 930 lemures
375 873 426 944 (et
445 874 592 946 ejusmodi
614 876 739 949 'quidem
762 878 854 943 sunt)
873 874 994 932 iaceres
1008 891 1065 932 nec
1086 877 1160 934 vnio

115 966 257 1037 moveri,
274 967 347 1040 quid
364 968 421 1025 iilis
440 970 638 1027 videaturaut
652 987 715 1026 uon
732 970 878 1027 videatur.
918 969 969 1033 De
990 968 1158 1048 temerioete

117 1072 201 1129 mee,
216 1061 265 1117 vel
282 1062 449 1130 modestis,
463 1064 562 1121 sciens
574 1064 784 1128 certissimum,
805 1065 886 1137 quod
895 1103 906 1133 ,
924 1064 990 1120 sive
1007 1064 1164 1121 modestus

120 1154 229 1224 fuero,
246 1157 357 1213 veritas
370 1172 435 1212 meu
448 1159 594 1214 modestia
607 1175 669 1215 non
682 1158 733 1214 iiet
749 1158 878 1228 dignior,
895 1158 960 1212 sive
976 1157 1163 1227 temerarius,

119 1263 185 1303 nnn
212 1247 262 1306 fiet
289 1250 436 1320 indignior
458 1267 525 1307 mea
547 1252 723 1309 temeritate.
769 1251 804 1308 Id
824 1251 923 1306 solnm
952 1250 1042 1322 cupio
1070 1264 1112 1306 ex
1132 1258 1162 1306 te
1241 1292 1244 1299 .

121 1341 242 1414 tuisque
261 1343 410 1413 theologis
432 1360 521 1416 quam
539 1345 672 1402 maximo
699 1355 796 1414 voto,
820 1344 912 1402 tacito
936 1344 1056 1401 interim
1078 1353 1164 1401 auto.

120 1435 166 1503 ris
187 1435 278 1519 vitio,
299 1437 336 1506 de
361 1438 433 1512 ipsis
450 1439 629 1496 editionibus
650 1440 725 1496 meis
748 1440 796 1496 vei
817 1439 1064 1508 conclusionibus
1087 1439 1159 1512 quid
1196 1428 1208 1456 ⁴

122 1529 271 1601 sentiant,
293 1531 475 1603 intelligere:
498 1533 559 1589 imo
581 1533 679 1589 multo
697 1533 791 1602 magis
811 1533 924 1590 erroris
940 1533 1033 1602 vitia,
1057 1531 1082 1588 ti
1102 1546 1161 1604 qua

122 1622 155 1679 in
174 1623 230 1679 iilis
247 1634 334 1695 sunt5
350 1626 423 1682 mibi
443 1626 610 1696 significari.
647 1624 725 1701 Quis
747 1624 825 1680 euim
841 1625 977 1694 ignorat,
1007 1624 1079 1695 quin
1100 1624 1164 1681 sine
1273 1644 1276 1649 ·

124 1716 281 1788 superbie,
314 1728 363 1774 aut
394 1719 500 1775 saitem
522 1719 585 1776 sine
610 1718 711 1792 specie
737 1718 883 1789 superbiae
909 1728 940 1774 et
965 1717 1166 1775 contentionis

122 1811 298 1881 suspicione
316 1812 413 1883 possit
431 1812 592 1884 quicquam
611 1811 683 1866 novi
701 1810 847 1884 produci?
864 1809 954 1879 Finge
973 1811 1052 1866 enim
1072 1812 1167 1882 ipsam

123 1901 325 1964 humilitatem
345 1920 425 1975 noue
448 1905 552 1961 uoueri
563 1943 574 1974 ‚
592 1904 693 1961 statim
717 1903 873 1974 superbias
893 1903 967 1960 vitio
992 1902 1169 1974 subiicietur

127 1995 167 2059 ab
185 1995 237 2066 iis,
255 1997 306 2070 qui
323 1997 409 2057 aliter
425 1999 554 2077 sapiunt.
588 1998 651 2054 Cur
667 1998 745 2054 euim
766 1996 905 2052 Christus
921 2006 952 2052 et
971 2011 1075 2052 omues
1088 2012 1168 2056 mar.

128 2074 212 2160 ty'res
231 2091 324 2149 occisi
342 2093 434 2148 suut?
452 2107 508 2148 cur
522 2092 663 2149 doctores
680 2091 757 2163 pessi
778 2090 939 2154 invidiam?
962 2090 1018 2146 uisi
1033 2091 1166 2155 scilicet.

126 2184 197 2257 quia
214 2183 335 2257 superbi
356 2193 386 2240 et
399 2195 604 2261 contemtores
619 2186 730 2250 veteris
749 2191 780 2240 et
797 2185 913 2253 inclytae
934 2183 1085 2256 sapientiae
1109 2200 1164 2242 seu

128 2278 290 2349 prudentiae
311 2279 368 2335 visi
389 2289 474 2340 suut:
505 2289 555 2345 ant
576 2280 656 2353 quod
680 2279 749 2342 ralia
768 2294 847 2348 novo
866 2277 930 2341 sius
951 2278 1081 2341 concilio
1100 2278 1169 2339 illo.

129 2387 195 2437 rum
212 2371 415 2444 protulerint,
435 2373 485 2446 qui
504 2383 607 2437 vetere
626 2372 792 2446 sapiebant.

194 2464 266 2533 Non
284 2467 384 2540 itaque
399 2468 485 2536 volo,
501 2483 566 2527 eam
585 2482 624 2525 ex
641 2484 690 2524 me
711 2475 874 2540 expectent
892 2467 1092 2532 humilitatem
1115 2461 1173 2539 (id.

131 2566 192 2628 est,
217 2558 425 2631 hypocrisin),
449 2571 484 2619 nt
501 2562 583 2635 prius
610 2577 715 2626 corum
739 2562 869 2621 concilio
898 2570 929 2619 et
949 2562 1073 2625 decreto
1094 2559 1169 2615 mibi

130 2652 273 2709 utendum
291 2638 359 2711 esse
379 2657 518 2724 credant,
545 2672 633 2728 quam
654 2656 757 2713 edam:
782 2656 854 2711 noio
872 2654 953 2726 quod
971 2652 1104 2719 bominis
1127 2652 1173 2705 in.

133 2745 320 2809 dustria-ant
345 2750 496 2819 consilio,
527 2752 578 2806 sed
608 2749 668 2810 Dei
692 2748 760 2816 fiat,
785 2747 867 2819 quod
899 2746 989 2810 facio,
1034 2745 1063 2800 Si
1093 2743 1171 2798 euim

133 2839 225 2905 suerit
243 2857 319 2915 opus
336 2858 376 2898 ex
395 2842 484 2912 Deo,
501 2842 568 2914 quis
588 2840 780 2913 prohibebit?
797 2840 825 2895 Si
844 2822 906 2895 non
923 2838 1014 2895 fuerit
1034 2852 1074 2893 ex
1090 2834 1176 2906 Deo,

133 2934 201 3006 quis
223 2936 435 3007 promovebit?
458 2936 509 2992 fiat
528 2952 590 2992 non
614 2950 699 3004 mea,
721 2949 779 2989 nec
805 2932 943 3000 iliorum,
971 2948 1027 2997 nec
1053 2941 1172 3001 nostra,

133 3027 187 3094 sed
202 3029 340 3087 voluntas
360 3029 544 3107 tua‚1’ater
564 3018 755 3105 sancte,'qui
776 3041 809 3082 ea
827 3026 857 3085 in
878 3025 979 3094 coeiis,
998 3026 1104 3081 Amen.
1214 3019 1216 3027 ’

202 3121 315 3186 Ultimo
341 3139 459 3182 memor
483 3132 565 3190 esto,
592 3134 627 3180 ut
647 3123 764 3179 solicita
786 3134 1025 3194 promentes,
1046 3119 1125 3175 sicut
1142 3123 1173 3173 et

134 3234 192 3289 ego
208 3234 264 3290 pro
286 3228 332 3289 ts,
349 3228 383 3274 ut
398 3218 549 3283 Dominus
571 3226 676 3274 noster
692 3215 784 3272 Jesus
807 3214 926 3285 adjuvet
947 3222 977 3273 et
995 3222 1098 3284 portet
1118 3229 1174 3275 no,

134 3310 253 3368 biscum
275 3322 394 3370 nostras
422 3313 617 3381 tentationes,
648 3310 730 3372 omui
747 3309 861 3367 homiui
880 3307 1048 3377 incognitae
1065 3319 1173 3379 praeter·

134 3421 203 3471 noe.
245 3406 329 3462 Vale.
370 3406 420 3467 Ex
442 3406 665 3475 Wittemberg,
701 3416 808 3470 nostro
831 3403 1037 3473 monasterio,
1067 3401 1115 3469 die
1143 3399 1174 3456 S.

135 3485 261 3559 Martini
275 3499 437 3573 Episcopi,
456 3517 532 3556 enno
551 3496 720 3575 Mnxvn.

255 3576 288 3661 F}
305 3594 461 3660 Martinus·
474 3593 684 3663 Eleutherius,
701 3594 762 3651 imo
780 3592 867 3654 dulos
886 3599 917 3648 et
934 3591 1069 3664 captivus
1087 3586 1175 3645 nimis

812 3688 940 3756 August.
958 3681 1173 3750 Wittemberg.

204 3797 502 3872 Aesticampianus2)
518 3799 593 3872 apud
611 3815 669 3856 nos
681 3797 840 3870 profitetur
859 3797 962 3851 literas
981 3789 1175 3850 humanitatis

137 3892 261 3966 publico
279 3902 309 3949 et
328 3894 425 3951 ducsii
443 3893 560 3950 salario·
635 3967 637 3971 Ι

191 4061 225 4106 ι)
252 4051 355 4102 sorti.
373 4050 457 4106 saltn:
477 4020 711 4111 Aeschtsnnpianus.
739 4050 790 4101 vet
810 4049 890 4098 biota
908 4043 959 4100 tut
980 4038 1150 4095 etmmertttt.
