2574 4732
476 238 508 274 ”
567 291 721 377 ists„
954 355 960 368 ,
1075 292 1137 361 ass

84 450 232 517 seminus
256 451 470 521 solimorum
489 447 594 508 cutus
616 452 700 522 eiras,
735 445 919 525 batmditqus
945 449 1135 509 &remedius

89 549 154 606 oris
170 550 246 620 ejus.
365 617 369 623 ¹
439 537 453 558 '
1061 546 1066 552 '

153 643 272 709 [Verum
289 640 453 722 ⁸Lipsenses
473 638 609 709 theologi
635 655 694 695 una
717 647 747 694 et
765 637 936 712 Episcopus
958 640 1136 700 Merscbur.

81 738 188 808 gensis
204 738 280 793 mire
297 736 397 792 conati
417 745 505 798 stent,
523 742 553 789 et
573 733 662 788 etiarn
685 750 766 790 nunc
787 744 952 804 conantur,
969 750 1007 792 ne
1024 754 1136 809 proce·

88 833 138 889 dat
152 831 332 904 disputatio:
356 845 499 902 panosque
519 827 693 901 Principem
711 827 924 898 deflexissent,
939 828 996 885 nisi
1015 827 1136 888 Princi-

87 928 135 999 pis
154 925 251 981 nostri
270 923 366 980 verbo
389 923 543 992 firmatus,
569 923 690 979 tandem
712 921 1016 992 imperioseegisset.
1063 923 1138 981 Uni.

79 1017 316 1077 ‚versitssmihi
341 1018 497 1091 respondit
520 1026 551 1072 et
574 1016 687 1071 annuit.
731 1014 880 1086 Princeps
903 1015 1012 1073 scribit
1032 1017 1137 1074 seed.
1247 1046 1250 1051 ·

87 1117 252 1171 missurum
259 1152 270 1183 ,
294 1112 345 1169 ubi
373 1121 475 1168 certus
494 1110 587 1165 fuerit
611 1124 666 1181 per
688 1124 738 1164 me
762 1109 880 1179 lactus,
908 1108 1037 1165 Ecciutn
1058 1111 1136 1168 velle

82 1215 122 1263 ‚et
142 1200 444 1277 meoumooogredis
475 1205 565 1277 idque
582 1213 664 1260 nunc
682 1204 780 1273 agitur
790 1243 800 1272 ,
824 1213 858 1260 ut
874 1202 934 1262 fiet.
968 1202 1051 1261 Nam
1069 1219 1139 1261 cre.

90 1301 152 1369 dit,
171 1301 270 1361 solunt
290 1301 510 1372 comistedium
531 1314 601 1354 cnm
618 1297 670 1354 illo
690 1298 913 1355 conflicturum.
1150 1291 1153 1297 ’

160 1394 311 1464 Theolsgi
330 1393 450 1450 interim
469 1408 518 1447 me
535 1393 750 1463 proscindunt,
768 1393 932 1464 praesertim
953 1393 1003 1449 ille
1020 1401 1137 1464 taurus,

90 1488 168 1558 bos,
187 1498 222 1543 et
245 1488 345 1545 uinus
360 1486 423 1557 ⁴),
451 1503 513 1542 aon
539 1486 591 1558 qui
615 1496 825 1556 cognoverunt
846 1487 1003 1544 dominum
1026 1502 1137 1559 suunt,
1211 1500 1254 1551 ⁴,

83 1583 144 1639 ‚sed
166 1582 217 1655 qui
242 1583 341 1655 paleas
362 1583 513 1638 comedit:
543 1580 686 1652 populum
707 1578 816 1651 Lipsiae
836 1580 1013 1651 inclament,
1028 1598 1067 1637 ne
1080 1598 1137 1638 no.

89 1678 136 1732 vis
158 1667 308 1733 hereticis
327 1676 516 1755 adhaereant,
532 1672 642 1744 ciuibus
662 1683 758 1741 agunt
771 1673 869 1744 forte,
887 1683 921 1730 ut
943 1677 1014 1746 odio
1032 1675 1135 1747 populi

90 1771 262 1839 concitato,
279 1778 310 1824 et
330 1769 442 1825 timore
455 1766 545 1840 Papa
562 1767 660 1834 iacto,
672 1766 736 1838 jam
750 1767 992 1824 excluderemur.
1016 1768 1136 1836 Fertuts

89 1864 272 1931 Tetzellnm,
285 1878 357 1917 cum
375 1862 507 1917 audisset
518 1875 730 1932 processuram
747 1858 992 1934 disputationem,
1003 1862 1135 1921 dixisse:

92 1956 158 2022 sas
175 1955 245 2018 nult
264 1959 309 2016 itt
329 1954 440 2024 destiti.

96 2070 107 2101 ·,
160 2050 370 2106 Perveneruot
386 2050 492 2106 decem
509 2050 615 2105 doreoi
630 2047 809 2104 Everbardo
827 2047 960 2120 Brisgert
995 2048 1062 2108 Nos
1085 2052 1139 2110 hic
1184 2050 1186 2054 ’
1237 2072 1240 2076 “

56 2210 63 2224 ι
90 2137 169 2200 bene
188 2144 324 2214 agimus,
353 2144 409 2200 nisi
421 2144 515 2216 =quod
540 2144 616 2198 male
638 2143 803 2214 hebernus,
835 2145 906 2200 dum
926 2143 1054 2217 plebano
1073 2146 1137 2225 ⁴allo

91 2254 228 2294 caremus
255 2239 287 2293 in
308 2238 444 2294 Dabrun.
491 2238 637 2294 Semiusta
663 2250 711 2292 est
736 2238 885 2295 dissensio
907 2241 987 2297 inter
1011 2238 1138 2298 Patrem

79 2333 272 2390 Mattbaeum
290 2342 321 2388 et
338 2333 533 2391 Guntlterum
551 2332 722 2403 Stupitiuto.
1103 2344 1106 2353 ·

93 2453 97 2465 =
159 2427 319 2499 Cajetanus
338 2428 438 2483 deouo
458 2425 580 2498 scripsit
598 2426 802 2482 illustrissimo
823 2425 957 2498 Principi
973 2437 1082 2484 nostro
1098 2428 1137 2485 de

91 2536 152 2586 me,
170 2531 255 2575 entes
272 2521 415 2593 ineptias,
433 2536 512 2576 nunc
523 2510 665 2575 insanias:
684 2519 842 2593 placetque
858 2519 931 2575 mihi
947 2520 1138 2577 rudissima-

12 2683 14 2686 .
94 2613 181 2669 istam
199 2612 358 2668 ltslitatem
373 2613 457 2668 luicis
475 2621 578 2668 notam
595 2613 669 2667 lieri.

99 2749 102 2752 .
162 2704 361 2776 Scripseront·
378 2705 414 2760 ad
439 2719 488 2759 me
517 2703 685 2760 Frobeoius
708 2704 880 2761 Basiliensis
905 2705 1014 2760 exiruis
1039 2720 1139 2762 ruam

93 2799 265 2856 libertatem
292 2797 528 2853 commendans:
554 2797 607 2852 sed
633 2805 665 2857 et
693 2813 710 2851 e
740 2796 864 2853 Parisiis
892 2796 949 2852 sibi
974 2798 1011 2853 ab
1035 2797 1139 2855 amicis

94 2893 262 2965 scriptum,
288 2891 409 2963 placere
426 2890 487 2945 illic
506 2888 608 2945 multis
626 2889 744 2961 legique
767 2907 783 2944 a
805 2890 997 2960 sorbonicis,
1026 2893 1056 2949 id
1076 2901 1142 2964 est,

94 2985 267 3055 theologis,
285 3001 369 3039 mea:
387 2983 563 3054 dispersisse
582 2992 724 3054 proteres
745 2985 776 3039 in
799 2984 933 3056 italiam,
950 2986 1140 3057 Hispaniam,

94 3069 408 3150 Angliaru,'Galliam
427 3088 458 3133 st
475 3075 686 3133 Branbantiam
705 3079 805 3148 omnia
822 3081 1014 3153 exemplaria.
1058 3082 1140 3139 Mihi

89 3184 126 3230 ·et
140 3172 329 3229 Catolstadio
343 3173 404 3226 duo
419 3171 556 3241 colligata
570 3173 652 3229 dono
668 3175 764 3230 inicit.
799 3174 912 3230 Scribit
933 3184 964 3231 et
987 3176 1060 3232 slius
1075 3179 1142 3250 qui.

94 3269 163 3322 darn
189 3268 331 3323 sacerdos
353 3264 614 3335 Ettelingiacensis
637 3268 789 3337 eruditus,
817 3279 849 3324 et
876 3253 949 3326 alius
974 3271 1142 3341 eruditior,

94 3362 148 3416 ssd
167 3362 230 3416 sies
255 3361 388 3418 nomine.
433 3360 467 3415 In
488 3361 523 3416 iis
541 3361 571 3416 id
595 3363 727 3430 gaudeo,
757 3363 839 3436 quod
857 3364 968 3421 veritas
989 3373 1050 3420 tatu
1070 3364 1141 3422 bar.

94 3453 169 3510 bare
185 3465 215 3509 et
231 3456 357 3510 indocte
372 3456 516 3526 loquens,
535 3455 610 3510 adeo
630 3456 736 3527 placet.

163 3547 259 3615 Mitto
283 3565 406 3606 currum
426 3549 663 3619 Caristadinurn,
689 3550 741 3621 qui
762 3549 897 3609 Moriens
914 3551 998 3624 lingit
1019 3553 1140 3610 theolo.
1184 3530 1194 3540 ι

96 3657 227 3712 gotum,
246 3654 275 3696 et
294 3644 324 3697 in
344 3657 434 3714 quern
453 3643 590 3699 mirabile
607 3653 780 3713 grassentur
797 3643 917 3717 Lipsiae:
936 3647 1011 3703 nlius
1027 3647 1057 3702 io
1070 3654 1140 3715 sug.

97 3744 184 3805 gestu
206 3735 367 3807 publicitus
391 3736 533 3794 dileoerat
554 3737 713 3807 monibus,
742 3739 816 3796 alius
840 3741 1093 3797 adolescentulos·
1109 3742 1140 3796 in

98 3827 290 3883 confessione
311 3828 467 3900 explorat,
495 3847 568 3886 num
591 3831 713 3888 riserint
741 3831 778 3886 dc
803 3848 915 3903 curru,
942 3842 994 3890 aut
1011 3831 1138 3890 Martini

149 4018 179 4068 2)
207 4014 438 4107 utils-stemus
456 4027 487 4068 ea
503 4017 678 4078 &ustinus
694 4027 743 4075 ten
760 4021 902 4076 notasse
