2574 4732
165 313 227 392 ιιι
342 251 344 257 ¹
647 313 740 388 esau

167 473 302 542 zardan
318 485 347 535 et
359 479 414 549 pio
434 479 530 542 Viro,
565 471 700 537 Domino
719 478 853 552 θεωρῶ
870 475 1053 550 mm,
1082 494 1106 536 a
1124 483 1235 543 suat

170 608 176 618 ·
248 582 278 630 at
294 573 429 646 epistolis
442 572 665 663 principalibus
684 574 847 644 Snxmiae,
871 589 928 631 sus
944 573 1149 634 invenem.

607 723 782 785 desan

164 853 320 946 Salutem.
366 889 442 946 Satis
468 905 610 959 magnum
635 875 784 956 animum,
809 887 850 943 ιιιι
868 880 902 958 ¹)
935 885 1073 957 Georgi,
1103 887 1231 963 habeo,

165 986 228 1042 Dei
248 1001 392 1053 munere,
417 984 559 1040 adversus
578 982 748 1039 incendium
766 980 947 1053 Misnense'‚
971 984 1154 1058 videbisque
1176 1004 1229 1042 tne

167 1060 382 1136 tuis'ccnsiliis
401 1082 576 1150 parentem,
602 1085 637 1132 ut
653 1077 798 1149 quintum
813 1072 931 1159 possim
946 1078 1077 1150 benigne
1094 1097 1231 1155 respon.

168 1174 265 1229 deam.
310 1168 451 1244 Denique
477 1168 631 1240 exemplar
655 1179 688 1224 tu
713 1185 784 1226 curn
809 1172 868 1227 tuis
889 1171 1025 1242 videbis,
1058 1182 1226 1247 antequam

169 1269 293 1337 edatur,
311 1256 393 1338 quod
414 1272 445 1319 et
463 1256 495 1318 in
511 1263 572 1319 isto
589 1255 704 1319 ιῗιοιιιιιι
725 1255 852 1332 luisset,
876 1251 935 1321 nisi
953 1266 1014 1338 typi
1032 1275 1100 1322 tuas
1121 1268 1228 1325 literas

167 1359 392 1430 praevenissent.
437 1344 618 1432 Quanquam
643 1373 741 1428 neque
772 1342 804 1413 iu
832 1358 891 1415 isto
922 1359 1037 1431 scripto
1072 1361 1229 1430 tetigerim

166 1448 254 1508 ulcus
274 1450 361 1507 istius
379 1437 530 1511 ecbedulae
553 1449 594 1505 ob
619 1452 821 1506 reverentiam
839 1439 998 1524 Episcopi,
1026 1470 1092 1526 quta
1116 1471 1229 1511 revera

167 1556 214 1622 est
233 1544 427 1618 blasphema,
446 1553 476 1600 et
495 1534 524 1600 in
545 1538 740 1616 Evangelium
760 1538 874 1601 Christi
894 1545 961 1618 plus
980 1562 1069 1619 quam
1088 1548 1151 1604 ulla
1170 1565 1228 1605 ura.

169 1650 258 1712 quarn
276 1628 400 1695 haeresis
416 1632 576 1695 furibunda
591 1622 607 1695 ι’
625 1628 656 1694 id
673 1640 755 1712 quod
776 1627 885 1695 futuris
906 1631 1083 1710 ostendam,
1101 1651 1135 1696 et
1152 1660 1228 1699 con.

167 1734 288 1790 vincam
312 1733 402 1789 simul
426 1734 574 1790 inscitiam
595 1750 722 1797 eorum,
758 1734 815 1790 nisi
843 1734 996 1804 caverint,
1027 1737 1226 1794 traducturus

61 1818 67 1831 ⁸
167 1837 265 1881 recte.
306 1818 380 1882 Non
405 1827 501 1898 patiar
529 1828 702 1882 damnatum
728 1845 866 1885 errorem
894 1829 924 1883 in
959 1827 1124 1899 Evangelio
1162 1831 1224 1887 Dei

168 1921 356 1991 pronuntiari
385 1920 476 1976 etiam
508 1920 545 1974 ab
575 1921 725 1976 universis
754 1923 867 1992 angelis
895 1922 1066 1992 caetorum,
1109 1933 1226 1995 quanto

168 2013 267 2069 minus
286 2013 322 2067 ab
342 2014 428 2068 unius
447 2010 622 2069 Ecclesiclar
641 2024 767 2069 terrenae
787 2015 887 2071 idolis.

238 2107 330 2178 Quod
349 2107 373 2161 si
392 2106 446 2160 tibi
460 2107 601 2175 videtur,
620 2107 764 2162 iaciamus
782 2107 911 2163 inimicis
929 2109 1010 2164 lianc
1031 2110 1173 2180 gratiam,
1195 2119 1229 2167 et

167 2197 267 2253 scribe
291 2198 365 2263 illis,
394 2198 493 2268 siqui
523 2201 595 2252 sunt
618 2196 702 2267 illie,
732 2198 787 2268 qui
812 2208 843 2252 te
863 2200 1008 2267 audiant,
1040 2216 1172 2258 monens
1196 2213 1232 2260 et

166 2303 296 2355 rogans,
315 2299 349 2341 ut
364 2297 470 2343 contra
485 2289 669 2353 Laeliorum,
689 2301 833 2362 quantum
847 2286 1232 2363 possunt'prudentisaime

167 2390 198 2435 et
217 2381 388 2435 cautissime
410 2389 521 2448 agant:
553 2396 620 2434 esse
648 2382 692 2436 eis
716 2397 824 2448 magno
847 2382 948 2437 studio
960 2398 1086 2463 [parsum
1111 2385 1139 2438 in
1161 2388 1232 2447 isto

167 2475 302 2545 scripto,
320 2492 358 2529 ne
368 2476 395 2530 'si
414 2475 553 2544 incipiant
566 2473 643 2529 velie
659 2475 762 2543 fugere
774 2475 930 2545 pruinam,
951 2476 1118 2531 obruantur
1139 2482 1228 2538 nive.

97 2575 99 2579 ’
167 2569 234 2626 Nisi
263 2570 342 2623 enim
372 2569 458 2623 Deus
488 2585 537 2623 me
565 2569 689 2638 privarit
714 2584 804 2623 sensu
831 2568 935 2640 (quod
970 2571 1057 2627 faeiat
1086 2589 1143 2643 pto
1173 2592 1232 2631 sua

168 2664 280 2738 bp'tima
300 2663 476 2730 voluntate)
497 2663 630 2717 luturut'n
653 2668 715 2729 est,
734 2664 758 2717 ‘si
780 2665 898 2718 stercus
921 2663 977 2730 <ut
997 2664 1131 2738 dicitur)
1159 2685 1226 2725 am.

168 2759 247 2832 plius
267 2758 442 2825 moverint,
468 2758 556 2812 latius
580 2767 611 2811 et
639 2757 769 2812 crassius
794 2755 939 2813 foetebit:
967 2776 1027 2814 non
1053 2761 1134 2832 quod
1162 2773 1226 2820 tana

167 2853 282 2923 maguis
303 2864 333 2905 et
349 2852 448 2916 multis
466 2851 539 2906 viris
556 2838 672 2919 minen,
689 2851 742 2905 sed
763 2839 846 2922 quod
863 2839 981 2908 doleam
1003 2865 1033 2908 et
1054 2858 1225 2926 compatiar

168 2931 278 3002 eorum
296 2932 481 3015 ignominiae,
499 2961 589 3017 quarn
604 2944 660 3000 sibi
673 2943 914 3000 irrevocabiliter
933 2947 992 3002 hac
1005 2943 1117 3007 infelici
1133 2951 1226 3007 eche.

168 3039 237 3095 dula
264 3051 506 3100 contraxerunt,
538 3047 568 3093 et
593 3039 675 3109 quod
701 3040 775 3096 mihi
797 3040 913 3112 cupiam
942 3041 972 3096 in
995 3040 1054 3096 hae
1085 3059 1118 3097 re
1141 3043 1225 3114 fieri,

167 3133 199 3189 id
235 3134 293 3190 hec
325 3135 452 3189 ratione-
476 3133 520 3190 eis
552 3134 690 3189 offeram.
732 3131 799 3203 Ego
830 3149 893 3188 nen
926 3135 1095 3205 acciperem
1129 3139 1226 3196 tetius

168 3227 270 3281 mundi
290 3243 382 3297 opes,
409 3238 443 3283 ut
461 3228 527 3283 talis
544 3226 695 3283 schedulae
713 3237 801 3282 autor
821 3227 984 3283 invenirer.

237 3325 339 3391 itaque
363 3322 477 3376 atinam
495 3322 575 3377 inter
596 3338 629 3377 se
654 3321 880 3377 communkratc
904 3322 1033 3377 consilio
1055 3333 1152 3389 sano,
1175 3330 1228 3380 ant

170 3413 296 3469 σιιιιιιιισ
322 3423 482 3484 tacerent,
509 3417 629 3471 sutria
661 3416 817 3470 charitatis
843 3428 910 3471 sese
939 3426 1164 3488 expurgarent:
1199 3417 1225 3476 si

169 3523 244 3562 vero
266 3507 313 3573 vi,
332 3507 437 3575 minis,
456 3509 598 3576 scientia,
617 3510 755 3579 ingenio,
780 3496 844 3563 arte¹
866 3519 917 3564 aut
943 3520 1006 3565 astu
1032 3522 1097 3566 rent
1121 3521 1225 3581 c‘tepe.

169 3602 230 3657 rint
252 3599 376 3668 moliri,
401 3600 514 3655 videbit
531 3601 683 3660 Dominus
703 3612 734 3658 et
752 3602 834 3658 dabit
854 3602 947 3671 milri,
973 3614 1006 3658 ut
1025 3604 1221 3662 observatori

168 3701 241 3751 aneo
263 3710 343 3759 nasu
355 3694 409 3750 vix
426 3689 568 3748 illudant·
595 3696 687 3771 Quod
707 3698 731 3752 si
754 3695 916 3754 infeliciter
934 3700 1120 3766 sitnularlnt,
1140 3698 1229 3754 sicne

168 3790 200 3845 in
220 3788 437 3845 ista'schedula
453 3788 608 3858 lecerunt,
626 3802 747 3845 causam
764 3792 996 3863 pessundabant.
1034 3793 1062 3848 si
1082 3808 1130 3847 tue
1150 3809 1229 3849 con.

167 3885 233 3940 sale
249 3885 425 3941 schedulam
439 3884 612 3952 edidissent,
630 3885 658 3939 in
676 3884 760 3941 huuc
773 3887 900 3942 modum
916 3887 1128 3959 scripsissent:
1147 3903 1225 3945 ecce

223 4067 252 4115 a>
280 4068 353 4117 cad.
368 4068 382 4122 J
390 4081 435 4117 en.
460 4067 560 4127 optime.
