2574 4732
156 301 219 385 ‚59⁰
371 256 377 269 ’
638 290 730 360 1521.

156 455 230 525 neten
250 449 367 512 etessttt
384 446 501 516 ttlltltlit
520 446 599 515 (υἱεῖς
614 446 730 505 tentos)
752 446 787 507 tot
803 447 877 500 coe.
896 450 1002 502 einer.
1021 447 1114 508 mi.
1138 451 1224 506 nise

156 531 252 591 horn.
277 537 413 595 anitium
544 539 547 544 ’
615 540 617 543 “
766 534 769 539 ’

157 707 304 798 Gratiam
327 749 359 797 et
383 715 489 813 pacem
512 752 582 792 oum
613 723 697 797 omni
719 720 910 808 subjectione
937 739 1003 809 sni,
1033 739 1067 797 in
1092 738 1221 819 christe

113 824 116 828 “
156 837 232 892 Jesu
248 830 382 891 Domino
398 824 516 890 nostro.
552 831 748 888 serenissime
767 843 798 889 et
816 832 1222 909 invictissimelmperator,

156 932 237 989 idem
259 927 394 985 Domine
425 925 678 1009 clementissime,
709 941 890 1009 numerere
919 923 970 982 tur
996 925 1224 1005 Mejestssume

157 1021 277 1098 publice
299 1015 356 1078 lide
375 1010 533 1090 liberoque
555 1019 711 1077 conductu
735 1028 894 1077 evocasset
911 1018 1141 1101 wormatiam,
1168 1037 1225 1078 ex.

157 1117 312 1191 ploratum
335 1113 466 1169 animum
486 1128 588 1167 meum
613 1127 705 1182 super
725 1109 834 1169 libellis
858 1113 981 1169 nomine
1009 1129 1085 1196 meo
1111 1114 1224 1197 editis,

158 1223 189 1267 et
208 1226 264 1279 ego
281 1223 350 1263 cum
370 1207 452 1281 omni
469 1202 639 1262 humilitate
659 1198 764 1275 curem
784 1203 813 1283 S,
831 1204 994 1278 Maiestate
1015 1215 1071 1264 tue
1085 1208 1228 1285 ,narrem

158 1319 256 1374 eoque
273 1284 389 1364 Ordine
409 1297 536 1375 ,Imperii
561 1299 820 1370 comparuissem,
852 1298 996 1365 obediens
1015 1317 1073 1375 per
1101 1302 1223 1382 omnis:

158 1396 289 1469 proponi
304 1391 377 1449 mihi
398 1393 549 1448 mandevit
569 1392 600 1449 S.
619 1392 764 1465 Majestes
781 1403 832 1449 tue
850 1395 879 1450 in
900 1394 1023 1467 primis,
1040 1410 1082 1450 eu
1099 1394 1224 1475 libellos
1249 1460 1254 1471 ,

160 1490 323 1573 praedictos
347 1503 545 1569 agnoscerem
569 1499 708 1559 tanquam
726 1489 832 1544 menei
856 1496 886 1575 et
910 1503 947 1543 sn
971 1503 1127 1565 avocare
1148 1505 1224 1562 eos,

159 1583 208 1640 vel
226 1584 257 1639 in
275 1583 320 1639 eis
336 1596 534 1654 perseverare
553 1590 673 1653 paratus
691 1597 804 1652 essem,
824 1583 941 1639 necne?

228 1664 295 1745 Ego
318 1693 412 1746 vero,
429 1674 481 1732 rabi
501 1692 588 1749 meos
608 1692 675 1733 esse
694 1676 882 1754 agnovissem
901 1674 917 1743 (
924 1676 1017 1734 modo
1036 1678 1155 1755 nullius
1171 1680 1224 1737 vel

161 1771 325 1851 sdversnnrii
345 1770 392 1826 tel
411 1770 501 1827 scioli
522 1770 640 1839 ingenio
671 1778 702 1826 et
730 1779 794 1828 erte
815 1769 977 1849 quidquem
994 1771 1027 1827 in
1050 1772 1099 1830 eis
1121 1775 1224 1833 inrer-

109 1917 112 1923 ,
161 1881 230 1922 sum
249 1874 301 1921 eut
315 1847 465 1922 mutatum
484 1864 591 1934 esset),
609 1864 737 1945 indicari
758 1880 828 1939 carn
846 1866 1015 1922 reverentie
1032 1877 1066 1924 et
1087 1869 1225 1941 submis-

162 1959 247 2018 sione
274 1959 388 2029 multe,
422 1976 492 2016 eum
516 1958 591 2015 mihi
615 1974 682 2015 esee
706 1959 856 2029 animum,
887 1959 969 2032 quod
999 1975 1072 2025 curn
1099 1961 1224 2023 libellos

163 2070 251 2113 ruens
272 2055 362 2112 oleris
386 2063 416 2112 et
434 2055 546 2127 opertis
560 2054 657 2110 sacris
676 2053 834 2125 scripturis
851 2053 1042 2121 muniissem,
1059 2055 1141 2113 mihi
1158 2073 1223 2115 noa

163 2163 230 2205 esse
243 2147 278 2214 'l
301 2149 472 2221 integrum,
490 2165 588 2222 neque
607 2162 740 2221 aquom,
760 2163 857 2220 neque
876 2146 938 2204 ullo
960 2148 1054 2216 modo
1076 2152 1223 2209 commit.

163 2242 306 2309 mudum,
333 2252 367 2296 ut
390 2240 519 2297 verbum
538 2242 598 2298 Dei
616 2257 757 2312 negarem
777 2252 808 2298 et
827 2241 944 2298 libellos
966 2258 1052 2299 meos
1068 2260 1109 2301 eo
1127 2256 1222 2318 pacto

163 2319 362 2390 revocnrems
392 2328 501 2402 rogans
528 2335 705 2402 humiliter,
734 2351 771 2389 ne
794 2335 823 2389 8.
850 2334 994 2405 MsJestns
1023 2346 1075 2392 tue
1103 2355 1153 2394 me
1182 2341 1220 2399 ad

161 2427 336 2498 hujusmodi
356 2426 583 2483 revocationem
603 2427 678 2494 atligi
699 2435 852 2498 pateretur
868 2429 930 2484 ullo
948 2431 1058 2500 modo,
1081 2435 1137 2489 sed
1155 2435 1221 2492 hoc

163 2523 264 2595 potius
289 2532 429 2589 curaret,
454 2530 488 2576 ut
512 2520 602 2576 libelli
627 2521 708 2590 mei,
724 2520 787 2576 sive
810 2538 863 2592 per
886 2539 919 2577 se
943 2524 1057 2595 ipsam,
1075 2527 1143 2582 sive
1165 2545 1223 2600 per

164 2618 239 2672 alios
250 2654 261 2684 ,
286 2616 375 2671 etiam
397 2617 602 2686 cujuscunque
623 2615 736 2670 ordinis
756 2616 803 2670 vel
822 2616 963 2673 minimos
990 2620 1040 2688 (si
1059 2622 1132 2692 quis
1150 2640 1223 2693 pos.

163 2711 231 2776 set)
260 2711 460 2778 perlustrare,
488 2718 518 2762 et
535 2724 674 2775 errores,
699 2726 776 2780 qnos
792 2709 889 2766 inesse
910 2724 1095 2783 causantur,
1122 2717 1223 2776 literis

163 2805 273 2859 dlvinis
289 2804 406 2858 scilicet
424 2803 602 2871 evangelicis
619 2814 649 2857 et
668 2803 853 2875 propheticis
874 2806 1053 2876 redarguere
1078 2810 1224 2880 dignare.

163 2908 234 2954 tur:
259 2899 392 2952 offerens
412 2913 461 2950 me
479 2895 648 2951 christiane
669 2897 906 2968 promtitudine,
933 2900 957 2955 si
981 2901 1164 2970 redargutus
1191 2916 1225 2965 et

162 2992 296 3046 revictus
319 2991 356 3046 de
375 3004 481 3045 errore
503 2990 643 3057 fuissem,
666 2993 765 3046 omnin
782 3008 831 3047 me
854 3003 1087 3062 revocaturum,
1110 3010 1144 3053 et
1159 3001 1229 3071 pri.

161 3102 247 3140 mum
267 3086 420 3151 futurum,
447 3083 497 3154 qni
514 3083 634 3140 libellos
651 3100 738 3140 meos
755 3085 813 3154 igni
838 3087 1004 3155 traderem,
1030 3097 1060 3149 et
1086 3093 1227 3161 pedibus

162 3178 387 3233 conculcarem.

231 3271 421 3328 Postulstam
437 3280 596 3328 estensem
612 3282 645 3328 et
659 3284 799 3330 exactum
816 3291 831 3328 n
850 3289 900 3329 rue
916 3287 1006 3346 super
1017 3273 1083 3331 hnc
1103 3282 1225 3353 omnis,

163 3375 197 3419 ut
215 3365 389 3436 simpliciter
408 3375 438 3419 et
458 3366 542 3438 plane
560 3369 790 3438 responderem:
810 3380 929 3440 paratus
943 3385 1039 3424 essem
1053 3385 1224 3446 revoosre,

163 3464 280 3515 neone?
305 3455 385 3511 Tum
413 3475 470 3524 ego
492 3461 621 3530 iterum,
645 3479 736 3532 quem
757 3463 841 3533 potui
861 3463 1027 3518 humillime
1051 3472 1222 3538 respondi:

163 3554 283 3622 qunndo
298 3551 482 3607 conscientie
498 3567 564 3606 mes
581 3555 677 3611 literis
695 3557 815 3624 divinis,
835 3573 908 3627 quas
927 3558 1036 3611 adduxi
1055 3559 1084 3612 in
1105 3561 1224 3621 libellis

163 3648 254 3714 meis,
286 3646 428 3700 conclusa
452 3653 550 3700 esset:
574 3649 777 3706 nullomodo
802 3664 924 3720 possem
949 3651 1024 3707 citm
1052 3654 1231 3712 meliorem.

163 3742 364 3798 eruditionem
381 3741 542 3814 quidquam
560 3758 721 3798 revocare.

164 3902 690 3933 Q

217 4029 245 4082 ‘l
272 4027 349 4084 stitit
368 4032 433 4086 sest
447 4041 513 4084 esse
530 4030 631 4088 Μίνω,
