2574 4732
548 320 639 389 152&
1053 320 1116 395 lit

155 475 205 529 nn
228 475 408 524 turrrauu
429 474 449 522 1.
469 473 521 524 trs.
535 476 558 520 u.
580 472 688 547 §oestro
707 472 748 526 ns
771 472 870 526 nats
886 472 959 525 xxi.
978 473 1028 523 tot.

100 631 163 689 Suo
183 633 316 712 Georqio
334 629 516 716 Spolntino.
542 630 622 685 Viro
638 627 714 685 bono
732 635 761 683 et
776 627 875 697 (lucto,
908 629 941 684 in
959 629 1080 690 Christo

136 727 140 732 ’
495 722 685 780 charissimo.

63 878 215 971 Salutem.
250 914 353 971 Miror
377 915 417 969 ita
440 923 471 970 te
493 916 524 971 in
547 931 596 969 ms
621 913 747 982 saevire,
775 921 806 968 et
826 911 889 968 aliis
909 914 945 968 de
969 928 1018 970 me
1040 917 1115 973 scri.

63 1009 205 1067 bentibus
231 1009 306 1075 adro
330 1011 477 1080 credere,
506 1009 547 1066 mi
568 1007 734 1080 Spalatine:
768 1023 855 1063 meus
875 1022 977 1063 senno
999 1009 1039 1063 ita
1060 1011 1115 1067 ha.

63 1103 147 1175 buit,
173 1113 285 1168 utnon
307 1104 343 1164 de
365 1103 523 1175 praesenti,
551 1103 604 1158 sed
629 1102 789 1158 defutura
812 1102 998 1180 fortuitoque
1019 1097 1117 1176 aliqua

63 1198 211 1256 seditione
231 1206 379 1274 utrunque
399 1206 514 1269 partem
534 1197 728 1264 informaret,
749 1196 835 1268 ‚quid
859 1196 986 1270 quisque
1008 1213 1117 1267 seque.

62 1301 157 1346 retur.
193 1289 274 1349 Num
302 1300 480 1362 praesentem
507 1307 564 1362 ego
585 1292 697 1363 apertis
723 1282 826 1347 verbis
853 1292 1020 1358 doclantavi
1048 1308 1115 1349 esse

64 1384 208 1456 puerilem
225 1386 372 1456 quandam
387 1386 645 1445 commotionem,
672 1401 762 1458 quam
779 1385 842 1457 jam
861 1394 927 1443 tum
948 1387 1117 1455 extinctam

63 1478 255 1549 sedatumque
277 1479 453 1534 arbitrabar.
487 1479 584 1550 Hujus
602 1486 696 1535 testes
717 1495 783 1534 esso
802 1488 941 1551 oportet,
961 1469 1116 1551 quotquot
1148 1466 1151 1471 ’

61 1587 170 1627 verum
195 1573 296 1636 dicore
320 1573 440 1630 volent:
465 1574 577 1636 nullam
599 1585 734 1646 partem,
760 1584 902 1636 neutram,
921 1590 1042 1639 causam
1061 1591 1115 1629 ne.

62 1681 120 1737 que
138 1667 221 1736 tetigi
238 1684 337 1739 neque
356 1668 484 1723 indicavi
503 1669 552 1722 vol
571 1684 628 1724 una
649 1665 781 1736 syllabus
800 1666 862 1729 imo
884 1667 965 1733 dixi,
984 1684 1033 1723 me
1052 1684 1131 1727 non·

61 1776 199 1825 cansam,
217 1762 270 1817 sed
285 1761 466 1831 generaliter
481 1761 687 1832 cujuscunque
702 1761 857 1816 seditionis
872 1761 1003 1832 pericula
1016 1763 1114 1818 dictu.

60 1869 139 1910 rum.
163 1855 219 1909 Tu·
233 1871 313 1908 nuuc
335 1856 419 1923 vide,
446 1872 483 1908 an
503 1856 561 1910 sim
577 1856 739 1920 mentitus,
759 1855 839 1911 hanc
856 1871 922 1911 rom
939 1857 985 1926 agi
1003 1857 1115 1913 daemo.

59 1962 133 2001 num
153 1947 283 2002 insidiis:
301 1964 382 2001 nuno
401 1948 470 2019 quid
490 1949 618 2004 inciam?

129 2038 253 2106 Scribo,
271 2041 351 2096 sicut
370 2041 653 2119 voluistipDoltzio
667 2039 701 2109 ⁴)
721 2051 751 2098 et
763 2041 910 2115 Principi.
945 2043 1022 2100 Satis
1037 2044 1112 2102 mihi

59 2132 218 2204 displicent
241 2135 430 2214 quorundam
449 2137 485 2192 ad
506 2145 534 2190 te
558 2136 632 2192 datae
651 2136 764 2206 literas,
790 2137 934 2210 quioquid
952 2138 992 2194 sit
1011 2139 1114 2211 culpa.

57 2245 138 2284 rum.
174 2226 239 2297 Ego
267 2238 404 2285 nostram
434 2240 549 2302 partem
576 2231 605 2285 in
632 2246 690 2285 una
714 2247 749 2285 rs
774 2248 836 2288 non
860 2226 987 2303 possum
1014 2234 1112 2302 tueri,

58 2326 140 2395 qnod
165 2324 288 2394 vulgum
312 2325 556 2380 commoverint:
587 2325 639 2380 sed
665 2325 883 2395 ignoscendum
905 2335 979 2399 puto
999 2325 1112 2400 impru.

58 2419 180 2486 dentiae,
198 2420 366 2491 praesertim
387 2418 619 2490 agnoscentibus
640 2435 788 2475 errorem.
823 2418 890 2489 Ego
912 2421 941 2475 in
962 2419 1044 2474 huuc
1061 2437 1112 2476 us.

58 2529 116 2582 que
133 2513 211 2566 diem
229 2529 294 2567 rem
314 2524 347 2567 ut
366 2515 513 2584 puerilem
535 2515 702 2582 contemni,
729 2523 962 2579 contemtum,
990 2512 1045 2566 nisi
1075 2522 1110 2566 tu

57 2603 98 2658 ita
117 2613 255 2660 tonores:
281 2607 333 2659 sed
354 2607 438 2666 vide,
461 2623 500 2658 ne
522 2621 570 2658 me
594 2607 705 2661 frustra
725 2605 843 2659 excites
860 2605 897 2659 od
915 2603 1109 2660 scribendum

56 2695 210 2767 Principi,
228 2705 259 2751 et
277 2697 307 2750 in
322 2696 373 2751 tali
396 2708 495 2752 causa.
530 2697 615 2756 Vale.

126 2788 278 2862 Lipsensis
302 2788 412 2843 Asinus
438 2790 468 2843 io
488 2804 537 2842 me
552 2790 676 2843 'novum
693 2781 826 2857 rugitum
845 2787 1040 2859 blasphemiis
1061 2805 1110 2844 re.

56 2883 169 2946 fertum
194 2883 286 2939 edidit
305 2884 342 2938 de
364 2893 492 2954 utruque
515 2883 615 2953 specie
640 2872 863 2937 communionis
875 2884 903 2913 *⁸
917 2884 953 2950 )‚
972 2882 1107 2939 'editurus

55 2990 86 3034 ct
107 2990 214 3034 contra
232 2976 425 3032 vernaculam
441 2992 540 3030 meam
560 2976 596 3030 de
615 2975 730 3048 Papatu
752 2975 926 3030 editionem.
962 2976 1108 3032 Wittom.

53 3052 210 3144 bergensis
232 3072 381 3141 Magister
399 3069 550 3126 Eislebius
562 3066 631 3136 w)
656 3085 786 3125 uxorem
805 3070 956 3138 ductoris,
977 3079 1011 3124 ut
1029 3069 1108 3126 fama

55 3181 120 3227 est:
146 3169 304 3240 Philippus
326 3166 448 3234 nescio,
479 3165 551 3237 quid
576 3164 705 3220 lamatur
724 3164 870 3219 tacturus.
913 3163 1029 3219 Vellem
1049 3166 1108 3220 ho.

54 3266 127 3320 mini
149 3264 328 3335 stipendium
353 3271 492 3327 auctum,
509 3275 547 3314 ne
567 3261 606 3315 sit
627 3253 751 3315 necesse
772 3275 841 3313 eum
865 3259 919 3313 alia
944 3260 1029 3332 sequi
1048 3276 1105 3330 pro

54 3375 88 3413 re
106 3358 252 3414 familiari.
287 3358 376 3412 Anno
397 3354 544 3424 Mnxx,
563 3355 610 3410 die
629 3353 735 3408 Marias
754 3351 951 3421 Magdalenae.

562 3448 596 3506 F.
614 3447 767 3504 Martinus
784 3446 956 3516 Lutherns,
974 3448 1105 3518 August.

106 3705 137 3755 ⁸)
166 3699 279 3751 tlttnttter
296 3699 334 3746 bet
347 3698 494 3753 dorileum.

105 3784 147 3833 ”t
176 3780 250 3832 ilua.
267 3784 290 3825 t.
305 3778 452 3843 blnttt't
475 3787 591 3828 metatus
608 3779 637 3830 de
652 3779 822 3829 communione
836 3779 983 3836 snbntraque
1005 3775 1103 3835 specie,

55 3868 171 3917 quantuni
185 3860 216 3904 nd
232 3857 316 3905 laicos.
345 3857 411 3916 Lips.
427 3858 489 3908 1520.
504 3856 529 3906 4.
622 3909 624 3911 ,

106 3963 160 4018 ml
189 3961 310 4019 Agricola.
