2574 4732
181 328 220 393 98
656 317 744 382 1516.

179 477 354 540 Reuerendo
370 475 428 534 sibi
445 476 540 533 Patri·
555 472 692 532 Johmrni
709 468 838 549 Lanpo,
866 465 911 531 sit.
930 433 1099 551 ibeohqioe
1114 430 1225 528 liicen.

247 574 343 642 tinto,
371 571 584 627 Eremitorum
608 562 850 637 Erfurdensiwn
872 573 1005 645 August.
1031 567 1161 637 Priori,
1192 567 1224 622 in

245 667 380 724 Domino
399 664 458 723 sihi
474 664 673 736 suspicando.

609 845 782 902 Jesus.

175 997 326 1092 satutem.
368 1028 515 1091 Miseram
549 1034 584 1089 sd
608 1042 661 1105 te,
693 1031 944 1089 reverendissime
971 1027 1082 1101 Pater,
1107 1028 1222 1103 aliquot

175 1124 385 1186 sexterniones
428 1126 664 1197 explicatiouum
701 1124 954 1181 Cetistadinarum
984 1134 1076 1196 super
1109 1120 1220 1179 librum

175 1221 212 1280 de
239 1221 346 1295 spiritu
371 1227 402 1274 et
422 1216 530 1286 litera,
558 1218 639 1274 sicut
664 1228 695 1273 et
716 1215 868 1273 nonnullis
891 1210 978 1273 attis:
1013 1227 1043 1272 et
1075 1204 1221 1273 memoria

174 1316 320 1373 contusus
333 1311 460 1383 ignoro,
479 1318 573 1384 quot,
591 1308 718 1384 quibus,
738 1309 940 1366 exhibuerim.
976 1308 1006 1365 Si
1023 1327 1097 1379 ergo
1112 1326 1220 1367 omnes

173 1406 350 1483 percepisti,
372 1422 483 1461 novem
510 1404 603 1462 debes
620 1402 751 1473 habere,
769 1404 794 1460 si
813 1420 874 1476 quo
892 1402 1011 1473 minus,
1030 1403 1166 1460 rescribe
1189 1414 1222 1460 et

172 1498 329 1574 supplebo.
364 1493 545 1573 Hucusque
566 1499 646 1555 enim
667 1499 812 1570 impressa
828 1496 985 1553 habemus.
1024 1494 1105 1552 Nam
1126 1494 1219 1559 decu,

170 1596 238 1653 buit
258 1609 348 1668 utque
377 1595 466 1650 etiam
490 1611 570 1650 nuuc
591 1590 746 1649 decumbit
765 1586 890 1648 Doctor
913 1586 1096 1646 Curistadius
1123 1586 1217 1646 febri.

170 1688 244 1748 bus:
263 1693 304 1746 ita
323 1689 475 1746 intercidit
495 1699 584 1762 atque
596 1688 680 1760 jacet
697 1685 862 1756 negotium.

239 1784 395 1840 Adversus
417 1799 467 1838 me
491 1782 568 1840 mite
595 1776 753 1839 fulminant
777 1780 813 1836 de
836 1784 977 1850 suggestu
999 1778 1152 1835 veniarum
1171 1779 1215 1834 sa.

169 1877 343 1934 buiutores:
370 1888 404 1933 ut
422 1875 542 1933 tenuem
563 1886 625 1932 nou
652 1874 724 1932 satie
744 1871 876 1930 habeant
896 1882 1124 1946 portentorum.
1149 1873 1215 1946 qui.

168 1967 227 2028 bus
251 1988 301 2026 me
320 1969 523 2041 agnominent,
544 1970 657 2024 addunt
678 1969 792 2037 minas,
809 1966 920 2040 quibus
939 1967 1014 2024 alius
1029 1969 1107 2025 iutra
1127 1961 1213 2041 quin.

168 2064 289 2126 denam,
309 2063 383 2119 alius
401 2063 479 2117 intro
496 2077 630 2117 mensem
649 2077 697 2114 me
713 2061 894 2131 promittunt
912 2063 1025 2134 populo
1046 2063 1213 2120 certissime

168 2156 432 2213 comburendumr
459 2153 551 2209 edunt
580 2154 740 2210 adversum
764 2156 931 2229 positiones
960 2150 1145 2225 contrarias,
1172 2154 1213 2211 ita

167 2259 201 2305 ut
216 2254 366 2317 metuam,
385 2264 423 2301 ne
439 2244 596 2318 aliquando
618 2259 795 2319 rumpentur
812 2268 873 2321 pro
894 2253 946 2306 irae
970 2251 1160 2307 multitudine
1182 2261 1212 2305 ct

165 2341 390 2412 magnitudine:
417 2340 545 2410 denique
566 2339 708 2394 suadetur
723 2342 797 2398 mihi
816 2341 853 2398 ab
873 2342 1031 2411 omnibus,
1050 2361 1089 2398 ne
1107 2345 1212 2398 adeam

164 2432 452 2503 Heidelbergeuses,
482 2449 520 2486 ne
548 2432 649 2494 forte.
676 2435 758 2504 quod
785 2437 813 2490 vi
841 2453 902 2491 non
927 2446 1070 2509 possunt.
1096 2437 1210 2492 insidiis

164 2532 194 2586 in
222 2545 271 2583 me
300 2526 466 2599 perficient.
509 2525 576 2596 Ego
602 2536 703 2582 tamen
732 2527 909 2584 obedientias
940 2531 1146 2598 satisfaciam,
1174 2518 1211 2586 'et

162 2624 303 2696 pedester
318 2621 452 2688 veniam,
470 2619 664 2690 transiboque
678 2637 732 2691 per
746 2621 918 2684 Erfurdiam
929 2620 948 2692 (
956 2624 1026 2678 Deo
1044 2626 1165 2679 notente
1174 2625 1208 2692 ),

161 2719 216 2774 sed
236 2717 298 2772 noli
316 2731 365 2769 me
383 2723 559 2785 expectare,
580 2714 648 2786 quia
663 2715 716 2769 vix
733 2718 821 2771 tertia
838 2717 912 2772 scria
925 2718 1209 2792 postQuusimodo.

161 2811 251 2880 geniti
282 2809 384 2864 exibo.
425 2807 572 2875 Princeps
596 2816 724 2876 noster,
754 2811 833 2865 miro
861 2812 993 2881 affectu,
1024 2812 1127 2867 solidis
1159 2812 1207 2867 his

160 2905 266 2962 studiis
293 2902 453 2970 theologico
478 2902 636 2957 inclinatus
650 2943 661 2971 ,
688 2904 800 2959 acriter
821 2921 871 2958 mc
896 2916 928 2962 et
949 2907 1148 2963 Corlstedium
1174 2908 1204 2962 in

159 2998 383 3071 protectionem
409 3012 470 3050 non
496 2997 791 3066 rogatus-suscipit,
825 2999 908 3054 nullo
932 3001 1025 3055 modo
1047 3017 1206 3073 passurus,

159 3103 193 3147 ut
217 3107 266 3145 me
292 3089 328 3144 ad
361 3088 469 3143 urbem
499 3089 642 3156 trahant,
677 3090 759 3160 quod
795 3091 834 3145 iili
865 3108 927 3148 non
956 3095 1127 3163 ignorantes
1159 3105 1205 3151 sat

158 3185 343 3241 cruciantur.

226 3277 267 3331 Ut
289 3286 389 3329 nutem
413 3273 454 3329 sis
476 3273 688 3343 praemonitus,
717 3273 741 3328 si
769 3291 827 3347 qun
857 3277 935 3332 sutus
968 3280 1049 3336 sorte
1080 3284 1115 3338 ad
1147 3301 1203 3339 vos

154 3370 325 3445 pervenerit
348 3366 384 3424 de
408 3360 641 3435 conflagratione
665 3367 849 3438 positionum
871 3355 1127 3442 Tetzeliinarum,
1163 3394 1201 3431 ne

155 3466 221 3540 plus
241 3458 320 3517 uiltts
344 3460 432 3514 addat
454 3461 510 3528 (ut
531 3460 610 3514 sciet
629 3458 730 3530 lieri),
751 3468 840 3534 quam
859 3464 898 3519 sit
915 3477 1018 3522 retum
1038 3480 1201 3538 gestarum,

154 3554 220 3616 haec
241 3565 287 3613 est
307 3552 416 3610 inbuta.
451 3551 629 3622 Studentes,
649 3564 681 3608 ut
704 3567 773 3611 sunt
794 3556 869 3612 mire
892 3561 1019 3630 pertaesi
1041 3562 1200 3632 sophistici

153 3648 244 3724 hujus
266 3646 379 3718 antiqui
400 3639 513 3706 studii,
544 3646 726 3716 cupidissimi
749 3665 824 3706 vero
849 3668 941 3711 sacras
967 3654 1087 3716 Bibliae,
1119 3656 1200 3711 forte

153 3760 184 3806 et
204 3747 260 3802 mei
282 3743 394 3798 favoris
415 3742 536 3808 studio,
562 3757 633 3795 cum
654 3743 833 3814 rescissent,
858 3748 1012 3802 advenisse
1042 3750 1139 3803 virum
1160 3751 1197 3804 ab

151 3844 263 3909 idoliis,
281 3838 406 3893 missum
428 3852 445 3888 a
464 3834 570 3891 Tetzel
592 3845 697 3892 autore
719 3838 922 3908 positionum:
947 3843 1048 3898 statim
1069 3846 1198 3915 adeunt,

151 3948 182 3992 et
207 3934 361 3991 hominem
387 3938 553 3996 terrentes,
582 3931 664 4000 quod
684 3932 752 3985 tolie
774 3932 835 3987 huc
858 3938 982 3992 auderet
1002 3938 1128 4004 afferre,
1147 3941 1198 3994 ali.

150 4041 227 4103 quot
257 4027 377 4102 quidum
404 4035 569 4093 emerunt,
605 4025 653 4080 slii
683 4041 757 4083 vero
786 4038 969 4101 rapuerunt,
1001 4041 1032 4086 et
1066 4034 1196 4105 reliquas
