2574 4732
567 299 657 374 1519.
1085 301 1145 371 341

168 462 294 520 Carolus
317 461 430 518 Miltita
452 460 531 515 diem
555 460 630 514 mihi
649 459 724 514 dixit
741 459 769 513 in
787 457 961 516 Libenwerd
983 460 1147 518 Dominica

100 560 254 630 proxima,
275 571 426 611 consensu
445 554 615 623 Principis,
634 554 710 609 datis
729 554 764 606 ad
786 569 834 606 me
851 555 1033 610 suavissimis
1058 553 1147 622 (vul.

100 668 168 721 pem
192 650 347 718 intelligo)
378 648 484 703 literis.
528 647 610 721 Quid
642 648 777 701 futurum
805 647 845 700 sit
873 648 986 704 nescio.
1030 649 1147 704 Rosam

100 747 218 801 tandem
239 743 350 799 obtulit
372 740 568 809 Altenburgi,
598 740 722 795 absente
740 739 896 809 Principe,
927 756 1016 810 apuam
1039 744 1144 801 nescio

100 849 209 909 quanta
229 853 338 908 pompa
359 844 484 890 conatus
505 836 603 888 fuerat
621 832 874 900 Wittembcrgnm
890 833 1014 889 ducere.
1066 858 1074 870 ι

168 931 253 986 Nihil
278 931 377 984 adhuc
397 944 438 983 ex
460 930 680 983 convocatione
705 924 885 979 Erfurdiana
911 925 1058 995 vidimus,
1089 929 1146 987 nisi

99 1023 184 1080 Petri
206 1024 311 1077 fratris.
327 1023 466 1076 conversi
489 1006 704 1076 obedientiam:
730 1035 821 1090 quem
843 1020 933 1074 Prior
951 1030 1148 1079 nosternon.

101 1118 174 1171 dum
191 1116 328 1182 dimittit,
348 1117 429 1186 quod
450 1123 591 1187 expectat
612 1114 749 1168 alium‘in
770 1113 869 1168 locum
893 1113 977 1180 ejus,
1002 1129 1062 1168 non
1081 1131 1149 1169 cre.

102 1209 175 1263 dens
200 1219 229 1263 te
254 1211 335 1263 hunc
357 1221 540 1264 conventum
560 1209 685 1280 minoris
706 1208 806 1261 facere
828 1207 1006 1262 Dresdensi.
1043 1207 1148 1264 Frater
1231 1266 1235 1277 ,

101 1300 249 1377 Matthias
280 1302 422 1358 Gruneus
458 1303 546 1357 etiam
579 1302 661 1356 venit
692 1312 873 1372 procurator
905 1312 1010 1359 noster
1040 1303 1148 1359 lactus.

100 1393 240 1450 Necdum
261 1397 331 1466 qnid
357 1395 420 1451 fieri
444 1396 518 1452 velis
537 1397 574 1450 de
596 1394 681 1451 libris
704 1397 779 1465 apud
807 1411 857 1450 me
881 1397 1015 1463 relictis,
1044 1396 1149 1460 video,

101 1488 190 1559 idque
208 1490 302 1544 miror
321 1489 416 1547 valde.
996 1502 1001 1515 ·

168 1581 283 1637 Vellem
298 1582 401 1651 plnres
421 1583 455 1636 ad
473 1596 530 1636 nos
550 1582 658 1637 fratres
679 1590 709 1636 ct
729 1598 782 1636 eos
800 1572 928 1639 idoneos
943 1572 1034 1639 mitti.
1070 1584 1151 1640 Scri.

100 1676 159 1746 psit
182 1675 254 1731 mihi
281 1685 408 1746 uterque
430 1675 522 1730 Prior
545 1676 722 1729 inferiorum
742 1676 872 1746 partium
889 1674 942 1745 ⁴),
961 1677 1099 1732 Jacobus
1119 1687 1151 1734 et

100 1769 268 1836 Henricns,
293 1767 538 1838 querulosissime
559 1784 594 1821 ac
614 1769 770 1837 desperate
796 1786 939 1838 prorsas,
958 1779 1022 1825 tete
1044 1772 1152 1842 implo.

100 1873 217 1928 rantes,
240 1862 316 1916 nihil
340 1862 457 1930 agipes
478 1876 585 1935 eornm
605 1861 778 1929 vicarium,
802 1865 952 1919 missuros
980 1874 1080 1919 tamen
1105 1867 1151 1920 di.
1196 1886 1201 1895 ¹

99 1967 172 2010 cunt
195 1973 227 2010 se
250 1956 377 2022 fratres,
402 1954 463 2009 imo
483 1955 614 2026 seipsos
633 1965 796 2011 venturos:
827 1960 959 2013 sednon
986 1958 1056 2025 fiet,
1081 1972 1154 2014 cnm

99 2049 132 2106 in
151 2047 341 2120 paschalibus
361 2048 435 2104 datas
456 2048 514 2102 sint
535 2048 647 2115 litere,
666 2050 812 2103 necdum
830 2061 1018 2122 compareat.

170 2142 285 2212 Accepi
308 2143 366 2201 hac
386 2141 462 2197 hora
481 2158 521 2196 ex
542 2141 637 2210 Praga
661 2143 815 2201 Bohemin
834 2145 937 2199 literas
955 2148 1150 2200 sacerdotnm

99 2234 290 2303 duorum**)
312 2236 452 2292 factionis
473 2236 550 2291 illius
569 2237 606 2292 de
623 2246 750 2306 utraque
768 2239 890 2308 specie,
919 2240 1053 2293 eruditos
1078 2254 1151 2294 sane

100 2334 130 2387 in
146 2331 305 2402 Scripturis
325 2330 436 2386 sanctis
447 2369 456 2397 ,
476 2346 622 2384 unacum
642 2330 743 2411 libello
765 2330 913 2386 Johannis
932 2332 1034 2399 Hnss,
1059 2347 1150 2403 quem

96 2426 232 2480 nondum
255 2425 321 2491 legi.
365 2423 578 2479 Exhortantur
611 2434 711 2479 autem
739 2441 788 2479 me
820 2425 860 2479 ad·
887 2427 1087 2480 constantiam
1120 2434 1151 2481 et

98 2519 290 2587 patientiam,
315 2533 382 2573 esse
406 2517 485 2572 hano
509 2519 692 2586 theologiam
716 2535 820 2586 puram
844 2535 934 2588 quam
953 2520 1051 2573 doceo
1065 2515 1143 2584 m).

31 2660 35 2674 ,
99 2607 285 2663 Erasmisant
306 2609 385 2662 miro
405 2611 498 2685 modo
523 2620 584 2664 tam
606 2600 719 2676 sensu,
749 2626 839 2678 qrtam
867 2610 968 2677 stylo:
1001 2619 1150 2665 venerunt

101 2712 202 2755 autem
230 2716 283 2770 per
306 2701 402 2755 aulam
428 2700 577 2771 Principis
604 2703 722 2770 nostri,
751 2701 889 2756 mittente
918 2701 1086 2771 spalatino,
1113 2702 1151 2757 ed

100 2810 165 2857 me,
187 2793 269 2847 hec
257 2809 320 2861 Jam
341 2792 382 2849 ibi
401 2793 554 2849 occultum
574 2805 630 2850 est.

168 2888 299 2957 Philippi
323 2885 489 2957 positiones
512 2887 612 2943 vidisti
632 2896 683 2943 ant
700 2903 780 2941 nunc
799 2886 883 2943 vides
901 2852 1074 2950 andaoulam
1095 2889 1155 2944 sed

100 2981 283 3038 verissimas.
326 2979 372 3034 Ita
390 2979 561 3049 respondit,
589 2988 623 3034 ut
645 2980 785 3034 omnibus
804 2979 893 3035 nobis
916 2993 996 3036 esset
1018 2981 1046 3035 id
1068 2982 1151 3052 quod

100 3085 172 3143 est,
207 3074 325 3129 scilicet
356 3074 561 3133 miraculum:
595 3073 620 3128 si
647 3073 788 3130 Christus
815 3073 1004 3142 dignabitur,
1040 3077 1154 3132 multos

100 3170 149 3223 ille
175 3166 328 3223 Martinos
355 3166 524 3238 praestabit,
559 3167 680 3225 diabolo
708 3177 739 3225 ct
770 3165 958 3224 scholastica
989 3169 1149 3238 theologia

155 3436 185 3488 ²)
214 3431 250 3485 {ln
266 3433 308 3478 tm
325 3432 504 3481 ttttttttanttn.

101 3530 194 3586 ‚·*)
221 3527 256 3577 st
275 3535 327 3574 nat
350 3528 408 3581 hott.
429 3523 546 3583 monoteta
568 3529 615 3575 not
637 3526 752 3576 wanttlt.
772 3527 977 3579 hottiotottnulr
1004 3528 1088 3586 meabit
1111 3524 1151 3573 tel

100 3606 184 3656 §ortt
193 3598 336 3660 totttntnms
360 3616 386 3659 an
407 3607 480 3679 titan:
508 3606 555 3657 mle
573 3607 753 3658 mtteftftnarm
771 3615 825 3655 torn
843 3609 988 3655 1666661.
1012 3606 1106 3661 &att
1123 3605 1155 3658 3

100 3685 147 3734 ets
164 3684 210 3734 int
228 3694 253 3737 m
271 3682 403 3737 tutantes
419 3667 545 3739 elimet
561 3687 607 3734 111
624 3685 673 3737 669
693 3689 751 3739 len
774 3687 859 3735 1366
880 3687 979 3738 scotto
998 3688 1035 3736 teo
1052 3680 1151 3733 966ῑώ

102 3764 156 3809 XV.
177 3764 237 3810 1⁶27.

154 3859 192 3888 Μ
235 3858 425 3906 96666666666666
443 3859 504 3913 tonte
520 3847 546 3905 in
565 3860 647 3912 {elnon
665 3861 763 3913 ffirltit:
785 3860 845 3909 thot
863 3857 964 3910 eimau
983 3857 1044 3911 §lni-
1057 3854 1111 3913 hai
1126 3857 1152 3904 ln

101 3932 343 3989 hillinesemensi
371 3937 420 3988 tent
441 3936 493 3989 itti
520 3938 634 3993 martini
655 3941 706 3998 lttt
724 3941 750 3988 tn
766 3939 877 3994 &anton
905 3938 1001 3988 masan
1023 3935 1152 3983 tentent

105 4011 154 4064 ient
173 4012 229 4064 tati
247 4015 280 4061 tn
296 4013 391 4075 ostani
411 4020 515 4079 teriones
534 4016 634 4074 matt,
