2574 4732
549 284 640 351 1521.
1047 287 1114 355 ,oct

64 493 67 502 .
128 444 218 502 -Tum
243 443 358 517 aliquot
381 441 541 502 Electum
565 442 724 516 Principes
749 443 857 516 aliique
879 441 996 516 imperii
1022 443 1114 502 Ordi.

64 556 121 597 nee
145 555 265 595 mecum
290 549 435 609 egerunt,
466 547 502 594 ut
524 538 644 595 libellos
668 553 754 594 mene
778 538 807 594 S.
833 536 1004 608 Maiestatis
1018 536 1055 609 ⁸)
1081 549 1114 597 et

64 635 262 706 imperialium
275 634 425 712 ordinum
440 634 605 702 cognitioni
621 642 650 692 et
659 632 773 706 judicio
786 631 1011 699 submitterem,
1029 634 1113 706 quod

64 741 96 784 et
115 729 155 784 D.
175 727 376 785 cancellarius
393 726 537 785 Badeneia
555 737 586 784 et
610 728 653 785 D.
670 727 795 784 Doctor
811 726 1010 796 Peutingerue
1033 729 1109 800 apud

62 839 112 878 mc
129 821 358 878 laboraverunt:
377 822 473 879 obtuli
491 839 541 879 me
559 823 675 891 denuo,
693 831 727 880 ut
745 823 846 895 priua,
865 822 958 878 modo
973 837 1028 892 per
1043 822 1111 880 lite.

61 933 112 973 rae
129 917 260 982 divinae,
278 926 329 972 aut
345 917 475 972 evidenti
494 916 611 973 ratione
628 917 768 975 docerer.
847 950 849 956 ι
902 965 905 973 .

131 1010 269 1066 Tandem
287 1019 388 1067 actum
407 1022 472 1079 est,
499 1018 534 1066 ut
555 1010 670 1083 aliquot
689 1019 854 1083 excerptor
879 1009 1025 1069 articulos
1044 1012 1113 1079 uni.

61 1093 188 1161 vere'alie
212 1103 331 1160 concilii
351 1105 469 1175 judicio
496 1106 698 1160 concederem
722 1111 751 1159 et
772 1104 1002 1161 concrederem.
1041 1102 1110 1174 Ego

63 1215 156 1267 vero,
182 1198 233 1270 qui
261 1214 380 1271 semper
407 1207 438 1255 et
456 1198 595 1255 omnibus
620 1198 726 1257 studiis
745 1197 901 1255 humlliter
924 1206 1045 1270 paratur
1066 1199 1110 1257 fui

62 1293 162 1349 omnin
181 1292 281 1347 tacere
299 1302 330 1347 et
347 1294 424 1365 pati,
450 1310 516 1364 qun
532 1294 606 1350 mibi
625 1299 727 1350 errent
743 1290 913 1364 possibilia,
935 1293 999 1348 hoc
1016 1308 1110 1349 uuum

61 1404 124 1444 non
147 1387 230 1459 potui
253 1386 407 1456 obtinere,
431 1386 712 1444 christianissimum
736 1387 821 1456 plane
840 1396 965 1456 votum,
991 1394 1023 1441 ut
1040 1402 1110 1443 ver.
1207 1455 1210 1460 Ι

60 1481 136 1537 burn
154 1481 300 1536 Deimihi
316 1481 444 1537 liberum
461 1490 491 1536 et
506 1480 649 1551 illigatum
666 1490 856 1553 permaneret
869 1478 924 1552 b),
941 1490 973 1536 et
989 1481 1109 1538 libelloa

60 1592 147 1632 meos
165 1577 194 1630 S.
213 1574 383 1646 Majeetntie
402 1586 458 1630 tuae
474 1575 699 1646 Ordinibuaque
717 1574 838 1648 Imperii
851 1591 886 1630 ea
903 1575 1020 1630 ratione
1037 1574 1109 1630 eub.

60 1671 229 1738 mitterem,
259 1671 323 1725 eive
349 1671 438 1724 etiam
462 1667 582 1724 concilii
608 1669 847 1727 determinationi
871 1670 1108 1737 concrederem,

59 1783 98 1820 nc
121 1765 194 1836 quid
211 1765 355 1820 adversus
371 1761 567 1833 Evangelium
584 1761 645 1820 Dei
663 1770 694 1819 et
711 1779 728 1817 a
745 1777 795 1818 me
813 1761 1059 1832 submitteretur,
1077 1774 1108 1820 et

60 1859 99 1914 ab
118 1860 175 1914 illie
193 1857 376 1914 definiretur.
410 1857 467 1913 llic
486 1856 543 1912 luit
561 1856 777 1913 controvereiae
794 1856 887 1912 totiue
900 1855 1004 1913 cardo.

129 1953 209 2008 Nam
231 1951 341 2020 Deus,
368 1951 418 2023 qui
443 1957 596 2006 scrutator
619 1949 807 2016 cordiuml)
836 1959 902 2016 cet,
928 1948 1014 2006 tertie
1031 1949 1108 2013 mihi

60 2046 138 2114 erit,
164 2047 230 2102 eaee'
247 2060 297 2100 me
314 2043 551 2117 promtissimam
570 2041 694 2100 obedire
718 2044 747 2100 S.
764 2042 917 2113 Mojeatati
941 2052 1016 2113 tun,
1042 2044 1109 2100 eive
1199 2074 1203 2080 -

59 2141 251 2214 pervitam,
282 2141 347 2195 eive
367 2156 423 2211 per
447 2148 597 2207 mortem,
627 2138 690 2195 eive
709 2153 765 2210 per
788 2137 937 2206 glorium,
965 2138 1030 2193 eive
1053 2154 1108 2210 per

60 2233 295 2305 ignobilitatem,
313 2235 377 2289 eive
398 2251 452 2307 per
472 2234 607 2302 lucrum,
625 2232 689 2289 aive
709 2248 765 2302 per
782 2232 931 2288 damnum.
958 2231 1008 2287 Sic
1025 2233 1109 2290 enim

56 2346 107 2384 me
127 2309 234 2400 repiue
255 2328 369 2391 obtuli,
389 2339 419 2383 et
437 2329 536 2384 adhuc
556 2327 673 2394 offero,
690 2340 815 2396 proteus
834 2325 908 2380 nihil
933 2325 1106 2398 excipiens,

56 2431 257 2495 preterquam
276 2421 404 2477 verbum
423 2421 502 2489 Dei,
520 2422 629 2494 inquo
649 2437 710 2476 nou
729 2420 829 2478 solum
847 2419 1052 2486 viritheum,
1070 2431 1108 2478 ut

57 2513 200 2570 Christue
218 2511 424 2579 (Matintv.)
443 2515 551 2582 docet,
569 2516 622 2571 aed
642 2524 673 2569 et
689 2514 783 2581 angeli
803 2513 972 2568 desiderent
988 2514 1107 2586 proapi.

57 2624 129 2663 cere
155 2607 204 2675 (t.
225 2606 295 2662 Pet.
317 2607 341 2661 1.
352 2605 377 2674 ).
411 2606 506 2680 Quod
529 2621 600 2660 cum
626 2605 665 2661 eit
688 2621 778 2673 super
805 2604 928 2672 omnia,
953 2605 1045 2661 debet
1074 2607 1106 2663 in

57 2701 198 2757 omnibus
224 2697 411 2755 liberrimum
435 2707 466 2755 et
488 2698 631 2768 illigatum
657 2695 781 2766 baberi,
809 2706 845 2752 ut
867 2695 980 2754 Paulus
1001 2699 1103 2759 docet.

56 2792 98 2852 Et
115 2795 144 2850 in
162 2795 295 2850 humano
314 2791 438 2848 arbitrio
456 2807 607 2865 nunquam
623 2790 756 2863 positum
774 2800 836 2853 eat,
861 2791 959 2862 ipsum
975 2790 1112 2849 submit..

57 2899 123 2945 tere
152 2897 183 2943 et
213 2888 243 2943 in
270 2884 439 2960 periculum
472 2886 645 2957 subjicere,
673 2885 858 2959 quantalibet
881 2885 1103 2961 magnitudine,

51 2981 272 3044 multitudine,
304 2981 460 3047 doctrine,
486 2981 704 3053 sanctitateque
729 2980 921 3052 praepolleant
946 2980 1105 3042 hominen:

54 3078 151 3146 adeo,
177 3085 211 3130 ut
230 3075 259 3130 S.
282 3072 393 3131 Panlue
416 3075 523 3139 audeat
550 3072 641 3142 (Gal.
658 3071 709 3143 Ι.)
732 3075 903 3130 exclamare
925 3085 956 3130 et
979 3075 1127 3144 ingenit,

56 3186 144 3226 nare:
163 3170 195 3225 Si
211 3185 267 3224 nos
284 3175 339 3225 aut
350 3168 490 3244 Angelus
505 3167 542 3224 de
560 3168 631 3225 oaelo
647 3166 735 3223 uliud
745 3164 826 3224 vobis
840 3167 1103 3243 euunqelisuoerit,

52 3262 221 3317 onothemu
243 3264 301 3334 sit,
327 3272 358 3318 et
375 3249 494 3320 David:
518 3262 610 3320 nolite
628 3261 780 3334 corfidere
796 3263 830 3318 in
845 3260 1051 3332 principibu,
1068 3265 1103 3321 ira

51 3355 130 3422 filiis
151 3355 307 3412 hominum
329 3358 363 3412 in
384 3355 489 3431 quidm
509 3374 571 3414 non
595 3365 640 3413 est
655 3355 750 3414 saluo.
785 3357 853 3414 Nec
870 3357 927 3413 eibi
945 3358 1000 3431 ἱροὶ
1020 3361 1103 3432 quie.

55 3465 146 3522 quarn
165 3464 232 3506 aeae
249 3450 427 3508 submittere
447 3461 567 3524 potent,
584 3452 702 3509 dicente
719 3450 896 3508 Salomone:
917 3451 1033 3508 Stultus
1044 3459 1101 3521 est,

53 3542 107 3618 qui
122 3540 246 3612 confidit
261 3543 294 3597 in
311 3545 400 3600 corde
417 3562 482 3607 suo.
517 3545 559 3602 Et
573 3546 690 3611 dorem.
707 3544 804 3609 xvlt.
821 3543 1011 3607 Maledictus
1020 3585 1032 3619 ,
1048 3545 1102 3623 qul

53 3636 178 3700 contidit
194 3637 228 3692 in
243 3633 374 3698 homine.

106 3873 134 3918 al
164 3869 212 3916 Me.
232 3869 261 3923 ·l·
274 3869 341 3917 Tuae.

105 3947 139 4003 b)
166 3947 211 3995 Ma.
238 3956 352 3996 maneret.

104 4029 133 4078 c>
159 4026 209 4078 lde.
229 4027 340 4078 cordium
353 4035 479 4079 remoue.
