2574 4732
163 327 233 414 sss
655 344 746 415 1519.

166 516 238 563 tune
258 511 305 559 est
323 483 524 572 dignissimus·
568 501 598 558 0
621 503 855 568 memineram,
880 500 963 572 quod
985 513 1116 572 unquam
1145 500 1226 556 mihi

165 598 293 666 contigit
317 608 420 651 tecum
446 613 513 652 esse
538 597 688 668 quippiam
719 594 842 664 negotii.
888 592 1023 663 Spuitur
1052 593 1225 664 disciplina

163 688 443 765 effirpitflctionem
453 729 462 757 ‚
480 699 514 744 ut
534 690 599 761 Sap.
621 695 648 745 t.
667 682 828 756 scribitur,
847 695 878 742 et
894 689 929 744 in
944 676 1156 758 simplicitate,
1176 690 1228 745 iu.

164 785 247 856 quit,
267 783 367 838 cordes
384 786 516 856 querite
532 781 628 838 iliram.

235 878 316 950 Quid
342 888 376 931 tu
403 878 554 944 miraris,·
567 876 728 948 epistolas,
757 891 896 933 rumores
917 885 948 932 et
965 876 1065 931 omnia
1084 885 1225 934 monstra

164 982 268 1028 secuta
288 973 323 1025 nd
343 972 422 1027 haue
439 971 591 1025 infelicem
610 971 864 1041 disputationem,
893 987 959 1041 quas
985 969 1058 1024 mihi
1086 969 1225 1038 affingis?

163 1065 305 1133 Mirum,
334 1065 359 1120 si
388 1065 550 1134 quidquam
577 1062 647 1117 boni
679 1073 858 1135 sequeretur
882 1065 917 1119 ad
943 1064 1023 1119 hanc
1049 1063 1223 1119 illusionem

164 1159 294 1230 Spiritus
325 1161 443 1223 sancti,
476 1158 646 1211 irrisionem
676 1159 833 1223 veritatis,
874 1168 1062 1214 contemtum
1093 1158 1223 1215 Christi.

164 1250 265 1306 Unum
285 1262 316 1304 te
335 1267 408 1317 oro,
429 1266 466 1303 ue
486 1249 628 1319 deinceps
649 1249 694 1314 (ai
714 1250 778 1305 fieri
803 1249 929 1323 potest)
946 1268 1017 1306 cum
1027 1251 1225 1323 Lutherom)

163 1347 326 1417 quidquam
344 1344 386 1397 rei
404 1344 533 1401 habeas:
551 1344 675 1414 poeuitet
694 1360 743 1398 me
763 1345 933 1400 libellorum
954 1331 1059 1400 coulra
1075 1355 1104 1399 te
1120 1347 1222 1403 edito·

164 1454 236 1493 rum
254 1439 410 1508 plusquam
437 1438 562 1491 credas:
592 1454 648 1505 ego
674 1448 758 1492 tanto
785 1440 905 1508 gravius
935 1439 1040 1494 illusus
1064 1439 1223 1513 illisusque

164 1544 257 1599 sum,
276 1545 389 1602 quanto
409 1532 595 1586 constantius
614 1542 644 1585 ts
663 1533 761 1587 virum
781 1534 933 1588 sincerum
952 1533 1132 1588 existimavi.
1216 1554 1219 1559 ·

235 1624 303 1680 Hoc
319 1624 436 1679 scilicet
454 1635 517 1688 est,
535 1626 633 1696 quod,
652 1637 741 1696 rupto
756 1627 868 1683 foedere
883 1626 984 1681 libera
998 1628 1222 1699 disputationis,

163 1719 292 1776 uolebas
312 1719 475 1786 disputari,
499 1719 555 1773 nisi
581 1718 658 1773 datis
673 1717 843 1787 judicibus.
869 1722 965 1793 iisque
984 1738 1042 1775 non
1064 1723 1143 1783 aliis,
1159 1723 1223 1779 'nisi
1270 1710 1273 1719 ¹

162 1822 225 1870 tuas
242 1814 342 1869 larinas
360 1814 573 1879 Scholasticis,
592 1829 722 1884 quorum
739 1831 859 1872 causam
878 1815 1005 1885 agebas,
1025 1816 1077 1871 aed
1098 1816 1223 1871 occulte

165 1918 198 1963 et
219 1892 393 1965 adulteratis
415 1907 537 1975 verbis,
554 1923 592 1960 tte
610 1919 640 1961 te
659 1918 689 1962 et
706 1909 774 1965 illos
792 1908 839 1977 (si
860 1894 981 1979 apertus
1001 1906 1132 1974 fuisses)
1159 1917 1223 1963 trs.

166 2001 296 2057 duceres
308 2001 528 2081 *infelicissime
563 1999 631 2056 Hoc
648 2011 695 2058 est
705 2039 716 2069 ,
740 2002 822 2072 quod
841 1976 993 2071 dicta‘per
1010 2002 1146 2056 nmarios
1165 2017 1223 2058 ex.

162 2095 226 2166 cipi
247 2095 427 2164 recusabas,
454 2104 505 2149 aut
522 2093 568 2148 sic
586 2093 702 2166 excipi,
726 2105 761 2151 ut
777 2094 961 2166 exemplaria
977 2111 1076 2166 neque
1102 2105 1225 2165 repete.

162 2197 286 2254 rentur,
305 2203 363 2242 nec
376 2189 558 2258 ederentur,
584 2189 637 2245 sed
655 2192 931 2260 supprimerentur,
957 2187 1056 2241 donec
1069 2187 1225 2255 judicium

160 2287 223 2333 ma
241 2278 383 2333 factionis
397 2279 552 2348 jactares,
579 2295 705 2336 causans
727 2281 811 2336 orbis
828 2279 976 2348 judicium
997 2294 1058 2333 nou
1078 2278 1219 2348 placere,

159 2370 245 2441 quod
265 2371 393 2425 mundus
412 2371 441 2423 in
460 2371 590 2441 rnaligno
612 2373 728 2444 positus
748 2374 807 2434 sit,
838 2372 921 2441 quasi
947 2382 977 2424 ts
1001 2378 1032 2424 et
1054 2369 1222 2437 theologos

158 2471 233 2517 tuos
248 2464 356 2518 coslum
380 2479 465 2533 esse,
491 2474 523 2519 et
547 2482 608 2537 prae
626 2467 743 2521 caeteris
761 2464 919 2519 hominurn
937 2465 967 2519 in
985 2463 1114 2530 benigno
1135 2468 1224 2533 posi.

160 2566 215 2613 tos
234 2558 315 2612 credi
334 2567 485 2628 oporteat.
518 2559 568 2613 Sic
585 2559 665 2613 enim
684 2559 829 2612 medullas
848 2569 880 2611 tu
898 2558 1060 2626 Scripturas
1079 2558 1222 2628 pervides

162 2652 230 2707 sine
250 2654 449 2708 simulatione.
474 2653 548 2727 Hoc⁸
561 2662 624 2722 est,
643 2654 724 2723 quod
745 2651 954 2706 Carolostadio
973 2667 1030 2706 osc
1050 2650 1142 2704 libros
1162 2668 1222 2707 nec

164 2747 294 2801 schedas
322 2748 498 2818 permittere
521 2747 664 2805 volebas,
692 2745 742 2816 qui
768 2745 792 2799 si
814 2760 874 2798 non
894 2744 1066 2800 simulasses
1084 2744 1221 2802 veritatis

63 2899 67 2908 ¹
166 2841 410 2910 inquisitionem,
439 2857 549 2909 cogere
570 2856 640 2894 eum
662 2839 809 2894 debueras
826 2849 858 2901 et
877 2855 965 2894 orare
976 2878 985 2906 ,
1005 2847 1038 2892 ut
1056 2855 1109 2910 per
1128 2838 1223 2893 alium

160 2931 295 3002 legeret,
326 2935 351 2988 si
370 2951 431 2989 non
452 2950 506 3004 per
525 2949 558 2988 se
574 2944 694 3003 posset,
718 2934 780 2988 imo
799 2942 832 2987 ut
850 2944 932 2987 muta
950 2933 1033 3000 signa
1051 2931 1149 3001 digitis
1169 2932 1223 2985 da.

160 3036 220 3080 ret.
250 3027 334 3100 Quid
354 3045 414 3082 non
432 3028 521 3093 lacit,
539 3030 610 3097 quid
631 3045 691 3082 non
711 3029 838 3098 patitur,
857 3027 908 3098 qui
927 3028 1084 3081 veritatem
1100 3026 1222 3080 sincere

160 3120 290 3188 quaerit?
320 3137 400 3175 nunc
420 3121 574 3188 magister,
595 3136 673 3175 nunc
694 3122 874 3192 discipulus,
894 3137 973 3176 nunc
989 3121 1117 3185 socius,
1140 3136 1223 3175 nunc

161 3212 302 3265 omnibus
322 3215 420 3267 omnia
440 3213 490 3279 lit,
521 3230 582 3284 quo
601 3215 713 3268 ¹veritas
732 3215 868 3285 prodeat.
911 3213 1019 3269 Talem
1037 3228 1070 3266 se
1089 3211 1222 3269 carolo.

159 3306 292 3372 stadius,
312 3309 401 3360 talem
420 3306 575 3360 Lutherus
596 3323 628 3361 se
648 3308 701 3362 tibi
722 3302 908 3362 obtulerunt.

232 3396 280 3451 Tu
306 3415 381 3453 vero
400 3399 453 3453 tibi
473 3417 554 3470 paene
580 3402 630 3455 uni
649 3401 790 3455 'veritatis
808 3415 943 3454 amorem
962 3416 1123 3469 arrogans,
1141 3399 1224 3456 aliud

161 3506 226 3545 uon
241 3491 360 3559 jactas,
388 3504 477 3560 quam
497 3494 520 3546 si
540 3493 584 3546 sic
604 3505 703 3547 actum
721 3503 821 3559 essm,
851 3510 911 3546 non
931 3494 1023 3548 luisse
1042 3495 1225 3563 disputatio.

161 3601 249 3651 nem,
278 3585 329 3638 sed
356 3586 554 3654 aesoioqnid
579 3589 709 3655 pueriles
737 3598 767 3641 te
791 3602 852 3641 non
875 3586 1034 3646 Thersites
1062 3604 1119 3644 nec
1143 3587 1223 3644 viles

165 3678 305 3735 hoinines
325 3679 485 3748 quaesisse,
506 3695 574 3731 oum
595 3682 704 3750 quibus
724 3682 877 3735 certares?

232 3773 303 3828 Haec
321 3773 543 3839 turgentiesima
562 3765 726 3827 vanissimae
744 3774 844 3840 glorius
859 3774 952 3831 verba
967 3784 999 3830 tu
1015 3775 1109 3830 homo
1130 3775 1225 3829 theo.

163 3867 250 3936 logus
277 3869 341 3927 sine
366 3867 466 3919 fronte
495 3866 524 3919 in
548 3866 643 3919 media
667 3877 828 3922 contemtus
851 3869 1003 3938 gloriaest
1030 3880 1132 3927 amatae
1155 3881 1224 3925 ate

214 4075 261 4124 m)
288 4073 315 4125 A·
333 4071 448 4121 liertiae.
