2574 4732
169 317 227 386 1⁰⁸
266 331 272 359 ²
584 370 590 376 .
648 310 741 378 tsts.

169 474 207 531 td
236 471 380 544 populum
405 469 606 544 pronuncient
639 468 845 539 haereticum,
878 471 1041 541 insanum,
1074 473 1217 530 seducto-

170 584 252 632 retn,
279 578 308 620 et
331 567 435 620 nescio
455 574 530 638 quot
556 564 740 635 damonibus
770 562 950 621 obsessum:
978 575 1089 637 quanto
1117 568 1217 624 minus

168 662 223 716 tibi
249 662 406 715 redderem
430 661 557 723 malum,
585 659 634 715 oui
656 658 753 715 debeo
772 675 861 715 otnne
879 658 1013 715 bouum:
1039 661 1128 716 doleo
1145 678 1218 733 pro.

169 756 252 810 fecto
271 756 360 810 etiam
378 755 408 811 in
425 763 456 809 te
465 769 538 811 -esss
556 762 656 811 ortam
672 753 749 831 tanti
763 754 832 808 mali
850 754 881 809 in
898 769 948 808 nte
966 753 1180 826 suspicionem.

238 849 357 907 Deinds
382 846 546 918 positiones
578 861 652 902 mess
687 846 867 917 displicent,
902 858 990 917 atque
1013 847 1052 902 ita
1082 848 1218 903 futurum

170 934 368 1013 suspicabare
392 952 500 997 aarum
521 940 558 994 de
578 939 634 1006 iis,
661 955 727 1010 qua
750 942 875 1009 gratiam
899 950 930 996 et
952 956 1044 1013 opera
1072 952 1217 1011 tangunt,

171 1036 264 1102 scias,
281 1033 394 1106 optime
410 1033 473 1101 vir,
490 1047 540 1089 mc
550 1038 648 1103 n'equc
662 1034 761 1088 solum
773 1040 870 1106 neque
884 1035 1013 1105 primurn
1025 1050 1093 1092 esse
1113 1040 1221 1091 earum*

172 1136 365 1184 assertorem.
407 1125 471 1180 Scis
492 1125 606 1193 ingenit
629 1141 756 1196 eorum,
780 1127 831 1199 qui
855 1128 931 1200 apud
954 1145 1011 1185 nos
1034 1138 1122 1197 sunt,
1148 1139 1219 1202 puta

173 1218 345 1282 Caristsdii,
370 1216 549 1278 Amadordi‚
572 1216 615 1273 D.
631 1217 863 1289 Hieronymi*),
892 1220 932 1276 D.
960 1219 1134 1292 Wcllgsngi
1152 1216 1221 1293 llf),

171 1315 329 1385 utriusque
345 1310 561 1380 Feldkirchen,
586 1310 713 1384 denique
734 1311 778 1369 D.
795 1310 879 1369 Petr'i
900 1313 1008 1387 Lupini
1025 1313 1100 1386 l”⁴).
1136 1319 1178 1373 At
1197 1318 1222 1389 ii,

174 1422 280 1465 omnes
303 1401 481 1485 'constanter
506 1421 626 1461 mecum
656 1390 809 1476 sentinat,
832 1405 894 1463 imo
921 1418 991 1466 tota
1014 1409 1220 1480 Universitss,

174 1509 302 1567 excepto
328 1503 388 1556 uno
412 1498 508 1554 l'e'rme
533 1499 699 1555 Licentiato
723 1499 912 1569 Sebastiano,
941 1502 994 1557 sed
1014 1512 1044 1556 et
1073 1500 1220 1575 Princeps

176 1606 208 1652 et
226 1594 396 1666 Episcopus
415 1594 583 1657 ordinarius
605 1607 723 1651 noster:
742 1594 849 1650 deiude
865 1594 950 1650 multi
966 1593 1013 1652 alii
1028 1594 1168 1665 Praelati,
1189 1606 1221 1652 et

176 1699 327 1764 quotquot
356 1698 426 1744 sunt
450 1689 594 1756 ingeniosi
621 1689 727 1759 cives,
751 1690 815 1758 jam
838 1704 899 1744 uno
924 1705 977 1746 ors
1003 1690 1123 1760 dicunt,
1152 1705 1219 1746 sese

175 1786 259 1859 prius
279 1801 339 1839 uon
362 1784 482 1849 novisse
503 1799 559 1845 nec
584 1784 732 1843 audivisse
753 1781 910 1844 Christum
932 1793 962 1837 et
979 1782 1185 1855 Evangelium.

246 1878 316 1934 Istis
342 1878 483 1945 ingeniis,
512 1893 565 1946 par
589 1887 653 1944 cst,
679 1885 714 1931 ut
736 1891 837 1931 meum
856 1893 916 1932 non
934 1877 1106 1949 praeferam:
1131 1887 1221 1949 atque

176 1989 248 2038 curn
265 1972 320 2045 ipsi
340 1972 368 2024 in
387 1970 569 2026 scholastica
586 1970 739 2040 theologia
756 1973 832 2040 sint,
849 1979 892 2026 ut
909 1973 1011 2041 nosti,
1030 1973 1221 2029 eruditissimi

176 2077 208 2123 et
223 2064 499 2131 exercitatissimi,
531 2073 633 2134 patere
650 2079 776 2134 quasso,
808 2080 856 2121 me
882 2081 953 2122 cum
977 2067 1022 2121 cis
1048 2081 1158 2138 tepere·
1174 2068 1224 2122 vel

178 2159 333 2230 desipere,
362 2159 460 2211 donec
485 2157 664 2211 discutiatur
683 2172 737 2226 per
759 2156 940 2213 Ecclesiam.
986 2161 1089 2229 Atque
1109 2169 1145 2214 ut
1174 2175 1224 2213 me

177 2254 267 2311 etiam
285 2249 458 2316 resolvam,
476 2265 532 2317 ego
550 2248 725 2320 simpliciter
743 2251 852 2320 credo,
872 2251 952 2322 quod
974 2252 1161 2322 impossibile
1184 2253 1224 2308 sit

137 2364 158 2423 ἅ
176 2343 345 2406 Ecclesiam
360 2343 537 2410 reformari,
551 2341 608 2396 nisi
622 2337 755 2398 funditus
767 2359 915 2411 canones,
934 2324 1115 2414 decretales,
1132 2345 1225 2401 acho.

176 2439 280 2499 laatica
303 2436 474 2505 theologia,
504 2433 714 2515 philosophia,
742 2437 862 2506 logica,
894 2447 929 2493 ut
957 2453 1037 2493 nunc
1058 2437 1229 2508 habentur,

178 2534 369 2589 eradicentur
387 2541 418 2586 et
438 2531 493 2586 alit
513 2529 609 2586 studia
630 2530 838 2596 instituantur:
865 2539 955 2606 atquc
970 2531 1000 2586 in
1023 2548 1056 2587 aa
1080 2533 1227 2588 sententia

179 2630 255 2691 adeo
274 2626 432 2700 procedo,
459 2634 493 2680 ut
513 2623 647 2696 quotidie
668 2623 835 2680 Dominum
866 2641 994 2695 rogem,
1025 2636 1171 2697 quatenus
1196 2626 1226 2682 id

179 2722 281 2791 statim
299 2719 369 2788 fiat,
395 2729 429 2774 ut
450 2734 568 2774 rursum
587 2717 690 2776 Bibliae
710 2726 741 2773 et
760 2717 789 2774 S.
808 2717 934 2777 Patrum
954 2719 1112 2791 purissima
1130 2719 1228 2798 studio

179 2824 377 2874 revocentur.
422 2811 494 2869 Tibi
527 2811 633 2868 videor
666 2827 727 2866 nou
755 2797 821 2868 esse
847 2812 983 2884 logicus,
1007 2814 1093 2892 ‘forte
1128 2831 1227 2887 neque¹

156 2894 160 2900 ¹
181 2925 268 2979 sutn;
294 2908 323 2964 id
346 2916 447 2965 sutem
467 2905 551 2974 scio,
579 2904 660 2981 quod
682 2907 791 2965 nullius
811 2907 941 2980 logicam
959 2891 1051 2965 timeo
1069 2908 1100 2963 in
1125 2909 1227 2980 delen.

181 3003 278 3062 dendo
298 3002 354 3058 ista
373 3001 528 3057 sententia.

257 3095 308 3153 De
340 3095 405 3150 aliis
439 3103 537 3154 sutem
560 3091 763 3167 positionibus
787 3091 1035 3164 indulgentiarum
1066 3096 1148 3169 priua
1172 3092 1227 3151 tibi

182 3189 310 3259 scripsi,
331 3188 406 3247 milti
420 3203 481 3243 uon
500 3187 618 3258 placere
638 3200 742 3240 esrum
760 3171 820 3242 tant
847 3197 962 3260 vastam
984 3189 1228 3258 invulgationem.

182 3283 341 3354 Nusquam
360 3281 438 3339 enirn
460 3280 490 3336 id
512 3280 645 3342 auditum
665 3287 711 3336 est
733 3278 814 3337 fierit
832 3297 888 3336 nec
905 3281 998 3354 potui*
1010 3298 1130 3352 sperare
1149 3283 1229 3338 futu.

114 3360 118 3366 ⁵
182 3392 251 3437 rum
262 3417 272 3447 ,
291 3376 373 3450 quod
390 3376 420 3431 in
438 3373 502 3433 istis
521 3373 594 3430 solis
613 3367 754 3443 contigit,
783 3372 892 3446 alioqui
909 3375 1019 3430 clarius
1040 3392 1090 3432 ets
1112 3378 1231 3457 posuis.⁴

184 3487 266 3540 tem,
284 3470 365 3527 sicut
381 3467 440 3532 leci
457 3469 488 3533 iu
509 3457 648 3528 sermons
666 3465 798 3549 vulgari,
816 3467 868 3538 qui
886 3467 940 3525 tibi
958 3461 1024 3541 plus
1039 3470 1075 3526 iis
1090 3469 1230 3526 omuibus

184 3564 331 3638 displicet.
595 3630 599 3638 .
1081 3634 1083 3639 ‚

241 3654 394 3715 'obsecro
418 3665 465 3725 te,
496 3656 537 3712 mi
556 3655 690 3713 Domine
712 3663 742 3713 et
764 3641 804 3711 mi
826 3654 856 3710 in
875 3652 1010 3712 Domino
1035 3654 1145 3726 Pater,
1169 3673 1231 3714 non

185 3758 276 3820 ettam
303 3750 356 3808 nst
385 3749 653 3827 displicendum
684 3751 776 3806 miser
809 3750 938 3836 populns
977 3749 1089 3807 christi
1118 3753 1233 3828 tamari,

187 3874 714 3906 „..------

239 3959 267 4009 ·)
296 3950 392 4004 soter.
757 3950 806 4005 -st,
835 3948 942 4005 gum

239 4037 293 4088 m)
321 4028 474 4086 mutuemini.
