<?xml version="1.0" encoding="UTF-8"?>
<!DOCTYPE html PUBLIC "-//W3C//DTD XHTML 1.0 Transitional//EN"
    "http://www.w3.org/TR/xhtml1/DTD/xhtml1-transitional.dtd">
<html xmlns="http://www.w3.org/1999/xhtml" xml:lang="en" lang="en">
 <head>
  <title>
</title>
<meta http-equiv="Content-Type" content="text/html;charset=utf-8" />
  <meta name='ocr-system' content='tesseract 3.04.00' />
  <meta name='ocr-capabilities' content='ocr_page ocr_carea ocr_par ocr_line ocrx_word'/>
</head>
<body>
  <div class='ocr_page' id='page_1' title='image "./briefesendschre04luthgoog/briefesendschre04luthgoog_0402.png"; bbox 0 0 2574 4732; ppageno 0'>
   <div class='ocr_carea' id='block_1_1' title="bbox 14 478 1197 3760">
    <p class='ocr_par' dir='ltr' id='par_1_1' title="bbox 14 478 1176 1321">
     <span class='ocr_line' id='line_1_1' title="bbox 129 478 1118 568; baseline 0.002 -16"><span class='ocrx_word' id='word_1_1' title='bbox 129 495 283 552; x_wconf 82' lang='lat' dir='ltr'><strong>Praetereo</strong></span> <span class='ocrx_word' id='word_1_2' title='bbox 310 501 416 549; x_wconf 82' lang='lat' dir='ltr'><strong>caetera</strong></span> <span class='ocrx_word' id='word_1_3' title='bbox 450 492 515 563; x_wconf 83' lang='lat' dir='ltr'><strong>ejus</strong></span> <span class='ocrx_word' id='word_1_4' title='bbox 548 478 697 564; x_wconf 77' lang='lat' dir='ltr'><strong>epistolae</strong></span> <span class='ocrx_word' id='word_1_5' title='bbox 714 509 784 548; x_wconf 91' lang='lat' dir='ltr'><strong>cum</strong></span> <span class='ocrx_word' id='word_1_6' title='bbox 816 495 938 568; x_wconf 86' lang='lat' dir='ltr'><strong>reliquis</strong></span> <span class='ocrx_word' id='word_1_7' title='bbox 962 479 1118 568; x_wconf 80' lang='lat' dir='ltr'><strong>monstra,</strong></span> 
     </span>
     <span class='ocr_line' id='line_1_2' title="bbox 63 587 1117 663; baseline 0.001 -18"><span class='ocrx_word' id='word_1_8' title='bbox 63 590 113 663; x_wconf 90' lang='lat' dir='ltr'><strong>qui</strong></span> <span class='ocrx_word' id='word_1_9' title='bbox 132 592 158 648; x_wconf 87' lang='lat' dir='ltr'><strong>ai</strong></span> <span class='ocrx_word' id='word_1_10' title='bbox 182 593 195 656; x_wconf 96' lang='lat'><strong>(</strong></span> <span class='ocrx_word' id='word_1_11' title='bbox 206 599 258 645; x_wconf 87' lang='lat' dir='ltr'><strong>tuo</strong></span> <span class='ocrx_word' id='word_1_12' title='bbox 278 589 388 653; x_wconf 81' lang='lat' dir='ltr'><strong>more)</strong></span> <span class='ocrx_word' id='word_1_13' title='bbox 416 587 554 643; x_wconf 73' lang='lat' dir='ltr'><strong>vindicta</strong></span> <span class='ocrx_word' id='word_1_14' title='bbox 574 590 679 642; x_wconf 84' lang='lat' dir='ltr'><strong>lurore</strong></span> <span class='ocrx_word' id='word_1_15' title='bbox 698 588 848 657; x_wconf 84' lang='lat' dir='ltr'><strong>furerem,</strong></span> <span class='ocrx_word' id='word_1_16' title='bbox 866 589 951 647; x_wconf 85' lang='lat' dir='ltr'><strong>brevi</strong></span> <span class='ocrx_word' id='word_1_17' title='bbox 970 608 1117 663; x_wconf 83' lang='lat' dir='ltr'><strong>compen.</strong></span> 
     </span>
     <span class='ocr_line' id='line_1_3' title="bbox 62 677 1119 757; baseline 0.005 -18"><span class='ocrx_word' id='word_1_18' title='bbox 62 685 112 741; x_wconf 91' lang='lat' dir='ltr'><strong>dio</strong></span> <span class='ocrx_word' id='word_1_19' title='bbox 129 696 159 740; x_wconf 89' lang='lat' dir='ltr'><strong>te</strong></span> <span class='ocrx_word' id='word_1_20' title='bbox 174 687 230 740; x_wconf 85' lang='lat' dir='ltr'><strong>toti</strong></span> <span class='ocrx_word' id='word_1_21' title='bbox 248 684 316 740; x_wconf 90' lang='lat' dir='ltr'><strong>orbi</strong></span> <span class='ocrx_word' id='word_1_22' title='bbox 334 684 482 737; x_wconf 80' lang='lat' dir='ltr'><strong>traderem</strong></span> <span class='ocrx_word' id='word_1_23' title='bbox 496 681 549 746; x_wconf 73' lang='grc' dir='ltr'><strong>Ρ),</strong></span> <span class='ocrx_word' id='word_1_24' title='bbox 579 684 672 751; x_wconf 88' lang='lat' dir='ltr'><strong>qualis</strong></span> <span class='ocrx_word' id='word_1_25' title='bbox 690 682 784 753; x_wconf 88' lang='lat' dir='ltr'><strong>qualis</strong></span> <span class='ocrx_word' id='word_1_26' title='bbox 803 699 845 740; x_wconf 85' lang='lat' dir='ltr'><strong>es.</strong></span> <span class='ocrx_word' id='word_1_27' title='bbox 866 682 951 739; x_wconf 86' lang='lat' dir='ltr'><strong>Edita</strong></span> <span class='ocrx_word' id='word_1_28' title='bbox 963 687 994 741; x_wconf 90' lang='lat' dir='ltr'><strong>in</strong></span> <span class='ocrx_word' id='word_1_29' title='bbox 1010 677 1119 757; x_wconf 77' lang='lat' dir='ltr'><strong>vulgus</strong></span> 
     </span>
     <span class='ocr_line' id='line_1_4' title="bbox 63 765 1119 850; baseline 0.003 -16"><span class='ocrx_word' id='word_1_30' title='bbox 63 789 111 834; x_wconf 88' lang='lat' dir='ltr'><strong>est</strong></span> <span class='ocrx_word' id='word_1_31' title='bbox 125 776 165 845; x_wconf 72' lang='lat' dir='ltr'><strong>u)</strong></span> <span class='ocrx_word' id='word_1_32' title='bbox 194 779 286 833; x_wconf 89' lang='lat' dir='ltr'><strong>altera</strong></span> <span class='ocrx_word' id='word_1_33' title='bbox 302 777 445 850; x_wconf 75' lang='lat' dir='ltr'><strong>epistola,</strong></span> <span class='ocrx_word' id='word_1_34' title='bbox 464 777 516 831; x_wconf 84' lang='lat' dir='ltr'><strong>sed</strong></span> <span class='ocrx_word' id='word_1_35' title='bbox 532 765 706 845; x_wconf 82' lang='lat' dir='ltr'><strong>theologico</strong></span> <span class='ocrx_word' id='word_1_36' title='bbox 722 776 835 832; x_wconf 90' lang='lat' dir='ltr'><strong>nomini</strong></span> <span class='ocrx_word' id='word_1_37' title='bbox 854 792 959 847; x_wconf 86' lang='lat' dir='ltr'><strong>parco:</strong></span> <span class='ocrx_word' id='word_1_38' title='bbox 978 781 1021 836; x_wconf 89' lang='lat' dir='ltr'><strong>tui</strong></span> <span class='ocrx_word' id='word_1_39' title='bbox 1039 784 1119 837; x_wconf 89' lang='lat' dir='ltr'><strong>enim</strong></span> 
     </span>
     <span class='ocr_line' id='line_1_5' title="bbox 63 869 1147 943; baseline 0.005 -15"><span class='ocrx_word' id='word_1_40' title='bbox 63 889 113 928; x_wconf 89' lang='lat' dir='ltr'><strong>me</strong></span> <span class='ocrx_word' id='word_1_41' title='bbox 131 875 159 927; x_wconf 89' lang='lat' dir='ltr'><strong>in</strong></span> <span class='ocrx_word' id='word_1_42' title='bbox 180 875 306 927; x_wconf 86' lang='lat' dir='ltr'><strong>varitate</strong></span> <span class='ocrx_word' id='word_1_43' title='bbox 322 873 455 926; x_wconf 86' lang='lat' dir='ltr'><strong>miseret.</strong></span> <span class='ocrx_word' id='word_1_44' title='bbox 482 870 562 925; x_wconf 88' lang='lat' dir='ltr'><strong>Nam</strong></span> <span class='ocrx_word' id='word_1_45' title='bbox 583 872 665 941; x_wconf 82' lang='lat' dir='ltr'><strong>quoti</strong></span> <span class='ocrx_word' id='word_1_46' title='bbox 684 879 853 941; x_wconf 75' lang='lat' dir='ltr'><strong>pernotum</strong></span> <span class='ocrx_word' id='word_1_47' title='bbox 872 877 1119 943; x_wconf 79' lang='lat' dir='ltr'><strong>expurgationem</strong></span> <span class='ocrx_word' id='word_1_48' title='bbox 1143 869 1147 878; x_wconf 55' lang='lat'><strong><em>⁴</em></strong></span> 
     </span>
     <span class='ocr_line' id='line_1_6' title="bbox 63 966 1121 1033; baseline 0 -11"><span class='ocrx_word' id='word_1_49' title='bbox 63 985 125 1022; x_wconf 90' lang='lat' dir='ltr'><strong>non</strong></span> <span class='ocrx_word' id='word_1_50' title='bbox 146 967 202 1020; x_wconf 91' lang='lat' dir='ltr'><strong>nisi</strong></span> <span class='ocrx_word' id='word_1_51' title='bbox 223 966 482 1021; x_wconf 74' lang='lat' dir='ltr'><strong>criminationibus</strong></span> <span class='ocrx_word' id='word_1_52' title='bbox 496 966 555 1020; x_wconf 88' lang='lat' dir='ltr'><strong>mei</strong></span> <span class='ocrx_word' id='word_1_53' title='bbox 569 976 685 1033; x_wconf 88' lang='lat' dir='ltr'><strong>scates,</strong></span> <span class='ocrx_word' id='word_1_54' title='bbox 704 984 773 1021; x_wconf 88' lang='lat' dir='ltr'><strong>cum</strong></span> <span class='ocrx_word' id='word_1_55' title='bbox 795 967 823 1021; x_wconf 85' lang='lat' dir='ltr'><strong>itl</strong></span> <span class='ocrx_word' id='word_1_56' title='bbox 842 967 934 1021; x_wconf 82' lang='lat' dir='ltr'><strong>iacias</strong></span> <span class='ocrx_word' id='word_1_57' title='bbox 952 968 1061 1022; x_wconf 88' lang='lat' dir='ltr'><strong>misera</strong></span> <span class='ocrx_word' id='word_1_58' title='bbox 1080 973 1121 1026; x_wconf 89' lang='lat' dir='ltr'><strong>si.</strong></span> 
     </span>
     <span class='ocr_line' id='line_1_7' title="bbox 64 1044 1122 1129; baseline 0.004 -15"><span class='ocrx_word' id='word_1_59' title='bbox 64 1060 239 1115; x_wconf 88' lang='lat' dir='ltr'><strong>mulationis</strong></span> <span class='ocrx_word' id='word_1_60' title='bbox 263 1061 468 1127; x_wconf 88' lang='lat' dir='ltr'><strong>conscientia,</strong></span> <span class='ocrx_word' id='word_1_61' title='bbox 490 1076 613 1129; x_wconf 83' lang='lat' dir='ltr'><strong>sperans</strong></span> <span class='ocrx_word' id='word_1_62' title='bbox 634 1061 692 1114; x_wconf 88' lang='lat' dir='ltr'><strong>hac</strong></span> <span class='ocrx_word' id='word_1_63' title='bbox 712 1061 776 1128; x_wconf 90' lang='lat' dir='ltr'><strong>via,</strong></span> <span class='ocrx_word' id='word_1_64' title='bbox 802 1070 832 1113; x_wconf 85' lang='lat' dir='ltr'><strong>te</strong></span> <span class='ocrx_word' id='word_1_65' title='bbox 851 1077 886 1114; x_wconf 89' lang='lat' dir='ltr'><strong>os</strong></span> <span class='ocrx_word' id='word_1_66' title='bbox 907 1044 1122 1118; x_wconf 80' lang='lat' dir='ltr'><strong>obliturumet</strong></span> 
     </span>
     <span class='ocr_line' id='line_1_8' title="bbox 64 1151 1176 1226; baseline 0.002 -19"><span class='ocrx_word' id='word_1_67' title='bbox 64 1168 185 1208; x_wconf 87' lang='lat' dir='ltr'><strong>manum</strong></span> <span class='ocrx_word' id='word_1_68' title='bbox 196 1155 365 1209; x_wconf 87' lang='lat' dir='ltr'><strong>additurum</strong></span> <span class='ocrx_word' id='word_1_69' title='bbox 376 1155 432 1209; x_wconf 86' lang='lat' dir='ltr'><strong>toti</strong></span> <span class='ocrx_word' id='word_1_70' title='bbox 446 1155 575 1209; x_wconf 87' lang='lat' dir='ltr'><strong>mundo:</strong></span> <span class='ocrx_word' id='word_1_71' title='bbox 596 1155 674 1210; x_wconf 86' lang='lat' dir='ltr'><strong>scito</strong></span> <span class='ocrx_word' id='word_1_72' title='bbox 690 1155 768 1226; x_wconf 88' lang='lat' dir='ltr'><strong>hoc,</strong></span> <span class='ocrx_word' id='word_1_73' title='bbox 788 1154 1047 1209; x_wconf 77' lang='lat' dir='ltr'><strong>criminationibus</strong></span> <span class='ocrx_word' id='word_1_74' title='bbox 1060 1151 1120 1210; x_wconf 91' lang='lat' dir='ltr'><strong>mei</strong></span> <span class='ocrx_word' id='word_1_75' title='bbox 1171 1181 1176 1185; x_wconf 96' lang='lat'><em>·</em></span> 
     </span>
     <span class='ocr_line' id='line_1_9' title="bbox 14 1231 1122 1321; baseline -0.001 -18"><span class='ocrx_word' id='word_1_76' title='bbox 14 1309 17 1312; x_wconf 11' lang='lat' dir='ltr'><em>A</em></span> <span class='ocrx_word' id='word_1_77' title='bbox 66 1256 97 1303; x_wconf 87' lang='lat' dir='ltr'><strong>et</strong></span> <span class='ocrx_word' id='word_1_78' title='bbox 111 1248 155 1302; x_wconf 90' lang='lat' dir='ltr'><strong>tui</strong></span> <span class='ocrx_word' id='word_1_79' title='bbox 173 1249 421 1321; x_wconf 86' lang='lat' dir='ltr'><strong>Lipsensiumque</strong></span> <span class='ocrx_word' id='word_1_80' title='bbox 432 1250 518 1305; x_wconf 88' lang='lat' dir='ltr'><strong>laude</strong></span> <span class='ocrx_word' id='word_1_81' title='bbox 535 1263 660 1321; x_wconf 86' lang='lat' dir='ltr'><strong>prorsus</strong></span> <span class='ocrx_word' id='word_1_82' title='bbox 674 1231 747 1307; x_wconf 82' lang='lat' dir='ltr'><strong>nihil</strong></span> <span class='ocrx_word' id='word_1_83' title='bbox 767 1264 906 1318; x_wconf 87' lang='lat' dir='ltr'><strong>moveor,</strong></span> <span class='ocrx_word' id='word_1_84' title='bbox 925 1247 1122 1304; x_wconf 80' lang='lat' dir='ltr'><strong>simulationi.</strong></span> 
     </span>
    </p>

    <p class='ocr_par' dir='ltr' id='par_1_2' title="bbox 64 1341 1197 1697">
     <span class='ocr_line' id='line_1_10' title="bbox 64 1341 1197 1418; baseline 0.003 -23"><span class='ocrx_word' id='word_1_85' title='bbox 64 1341 124 1397; x_wconf 88' lang='lat' dir='ltr'><strong>bus</strong></span> <span class='ocrx_word' id='word_1_86' title='bbox 141 1357 240 1398; x_wconf 86' lang='lat' dir='ltr'><strong>autem</strong></span> <span class='ocrx_word' id='word_1_87' title='bbox 263 1344 321 1398; x_wconf 86' lang='lat' dir='ltr'><strong>tuis</strong></span> <span class='ocrx_word' id='word_1_88' title='bbox 341 1360 425 1412; x_wconf 83' lang='lat' dir='ltr'><strong>paene</strong></span> <span class='ocrx_word' id='word_1_89' title='bbox 451 1344 590 1400; x_wconf 87' lang='lat' dir='ltr'><strong>occidor.</strong></span> <span class='ocrx_word' id='word_1_90' title='bbox 626 1342 717 1416; x_wconf 77' lang='lat' dir='ltr'><strong>Quod</strong></span> <span class='ocrx_word' id='word_1_91' title='bbox 739 1355 910 1399; x_wconf 84' lang='lat' dir='ltr'><strong>monstrum</strong></span> <span class='ocrx_word' id='word_1_92' title='bbox 929 1351 960 1397; x_wconf 90' lang='lat' dir='ltr'><strong>et</strong></span> <span class='ocrx_word' id='word_1_93' title='bbox 981 1341 1123 1399; x_wconf 81' lang='lat' dir='ltr'><strong>Christus</strong></span> <span class='ocrx_word' id='word_1_94' title='bbox 1195 1413 1197 1418; x_wconf 14' lang='grc' dir='ltr'><strong><em>Α</em></strong></span> 
     </span>
     <span class='ocr_line' id='line_1_11' title="bbox 66 1424 1123 1517; baseline 0.001 -27"><span class='ocrx_word' id='word_1_95' title='bbox 66 1437 202 1491; x_wconf 88' lang='lat' dir='ltr'><strong>omnium</strong></span> <span class='ocrx_word' id='word_1_96' title='bbox 226 1424 411 1509; x_wconf 72' lang='lat' dir='ltr'><strong>iniquissime</strong></span> <span class='ocrx_word' id='word_1_97' title='bbox 438 1439 529 1506; x_wconf 85' lang='lat' dir='ltr'><strong>tulit,</strong></span> <span class='ocrx_word' id='word_1_98' title='bbox 559 1448 736 1509; x_wconf 78' lang='lat' dir='ltr'><strong>peccatores</strong></span> <span class='ocrx_word' id='word_1_99' title='bbox 761 1437 871 1508; x_wconf 83' lang='lat' dir='ltr'><strong>alioqui</strong></span> <span class='ocrx_word' id='word_1_100' title='bbox 895 1444 925 1491; x_wconf 89' lang='lat' dir='ltr'><strong>et</strong></span> <span class='ocrx_word' id='word_1_101' title='bbox 944 1435 1123 1517; x_wconf 72' lang='lat' dir='ltr'><strong>publicanos</strong></span> 
     </span>
     <span class='ocr_line' id='line_1_12' title="bbox 67 1528 1124 1605; baseline 0.001 -23"><span class='ocrx_word' id='word_1_102' title='bbox 67 1543 188 1601; x_wconf 88' lang='lat' dir='ltr'><strong>apertos</strong></span> <span class='ocrx_word' id='word_1_103' title='bbox 217 1533 392 1588; x_wconf 85' lang='lat' dir='ltr'><strong>suavissime</strong></span> <span class='ocrx_word' id='word_1_104' title='bbox 421 1532 587 1605; x_wconf 88' lang='lat' dir='ltr'><strong>amplexus.</strong></span> <span class='ocrx_word' id='word_1_105' title='bbox 635 1531 674 1586; x_wconf 86' lang='lat' dir='ltr'><strong>Et</strong></span> <span class='ocrx_word' id='word_1_106' title='bbox 695 1532 767 1602; x_wconf 90' lang='lat' dir='ltr'><strong>quid</strong></span> <span class='ocrx_word' id='word_1_107' title='bbox 787 1531 899 1585; x_wconf 88' lang='lat' dir='ltr'><strong>odisset</strong></span> <span class='ocrx_word' id='word_1_108' title='bbox 922 1530 1034 1585; x_wconf 87' lang='lat' dir='ltr'><strong>veritas</strong></span> <span class='ocrx_word' id='word_1_109' title='bbox 1057 1528 1124 1599; x_wconf 84' lang='lat' dir='ltr'><strong>dul.</strong></span> 
     </span>
     <span class='ocr_line' id='line_1_13' title="bbox 66 1623 1121 1697; baseline 0 -18"><span class='ocrx_word' id='word_1_110' title='bbox 66 1625 206 1694; x_wconf 76' lang='lat' dir='ltr'><strong>sissima,</strong></span> <span class='ocrx_word' id='word_1_111' title='bbox 219 1643 312 1697; x_wconf 90' lang='lat' dir='ltr'><strong>quam</strong></span> <span class='ocrx_word' id='word_1_112' title='bbox 327 1629 461 1683; x_wconf 87' lang='lat' dir='ltr'><strong>veritatis</strong></span> <span class='ocrx_word' id='word_1_113' title='bbox 475 1628 595 1694; x_wconf 87' lang='lat' dir='ltr'><strong>hostes,</strong></span> <span class='ocrx_word' id='word_1_114' title='bbox 613 1627 701 1682; x_wconf 89' lang='lat' dir='ltr'><strong>titulo</strong></span> <span class='ocrx_word' id='word_1_115' title='bbox 715 1625 850 1680; x_wconf 87' lang='lat' dir='ltr'><strong>veritatis</strong></span> <span class='ocrx_word' id='word_1_116' title='bbox 864 1639 896 1679; x_wconf 89' lang='lat' dir='ltr'><strong>se</strong></span> <span class='ocrx_word' id='word_1_117' title='bbox 910 1623 1121 1680; x_wconf 73' lang='lat' dir='ltr'><strong>venditantes?</strong></span> 
     </span>
    </p>

    <p class='ocr_par' dir='ltr' id='par_1_3' title="bbox 67 1707 1150 2452">
     <span class='ocr_line' id='line_1_14' title="bbox 134 1707 1124 1807; baseline -0.004 -31"><span class='ocrx_word' id='word_1_118' title='bbox 134 1707 235 1776; x_wconf 72' lang='lat' dir='ltr'><strong>Porro</strong></span> <span class='ocrx_word' id='word_1_119' title='bbox 246 1722 390 1791; x_wconf 81' lang='lat' dir='ltr'><strong>,judices</strong></span> <span class='ocrx_word' id='word_1_120' title='bbox 406 1739 499 1793; x_wconf 86' lang='lat' dir='ltr'><strong>quare</strong></span> <span class='ocrx_word' id='word_1_121' title='bbox 513 1722 633 1791; x_wconf 83' lang='lat' dir='ltr'><strong>jactas?</strong></span> <span class='ocrx_word' id='word_1_122' title='bbox 652 1736 687 1773; x_wconf 90' lang='lat' dir='ltr'><strong>an</strong></span> <span class='ocrx_word' id='word_1_123' title='bbox 701 1708 790 1789; x_wconf 55' lang='lat' dir='ltr'><strong>&#39;quod</strong></span> <span class='ocrx_word' id='word_1_124' title='bbox 809 1734 914 1772; x_wconf 89' lang='lat' dir='ltr'><strong>eorum</strong></span> <span class='ocrx_word' id='word_1_125' title='bbox 940 1717 1124 1807; x_wconf 60' lang='lat' dir='ltr'><strong>santpntiam</strong></span> 
     </span>
     <span class='ocr_line' id='line_1_15' title="bbox 67 1812 1150 1885; baseline -0.001 -18"><span class='ocrx_word' id='word_1_126' title='bbox 67 1812 213 1880; x_wconf 83' lang='lat' dir='ltr'><strong>illuseris,</strong></span> <span class='ocrx_word' id='word_1_127' title='bbox 232 1824 266 1868; x_wconf 88' lang='lat' dir='ltr'><strong>ut</strong></span> <span class='ocrx_word' id='word_1_128' title='bbox 278 1815 449 1869; x_wconf 79' lang='lat' dir='ltr'><strong>&#39;inveniatur</strong></span> <span class='ocrx_word' id='word_1_129' title='bbox 466 1815 603 1885; x_wconf 88' lang='lat' dir='ltr'><strong>iniquitas</strong></span> <span class='ocrx_word' id='word_1_130' title='bbox 618 1822 669 1868; x_wconf 88' lang='lat' dir='ltr'><strong>tua</strong></span> <span class='ocrx_word' id='word_1_131' title='bbox 684 1814 719 1866; x_wconf 88' lang='lat' dir='ltr'><strong>ad</strong></span> <span class='ocrx_word' id='word_1_132' title='bbox 736 1813 859 1868; x_wconf 83' lang='lat' dir='ltr'><strong>odium?</strong></span> <span class='ocrx_word' id='word_1_133' title='bbox 877 1812 1030 1868; x_wconf 79' lang='lat' dir='ltr'><strong>Habemus</strong></span> <span class='ocrx_word' id='word_1_134' title='bbox 1042 1821 1125 1867; x_wconf 87' lang='lat' dir='ltr'><strong>tuam</strong></span> <span class='ocrx_word' id='word_1_135' title='bbox 1147 1842 1150 1846; x_wconf 88' lang='lat'>·</span> 
     </span>
     <span class='ocr_line' id='line_1_16' title="bbox 67 1904 1137 1988; baseline 0.002 -28"><span class='ocrx_word' id='word_1_136' title='bbox 67 1904 339 1977; x_wconf 65' lang='lat' dir='ltr'><strong>expurgationem,</strong></span> <span class='ocrx_word' id='word_1_137' title='bbox 369 1925 459 1981; x_wconf 92' lang='lat' dir='ltr'><strong>quam</strong></span> <span class='ocrx_word' id='word_1_138' title='bbox 477 1925 664 1980; x_wconf 88' lang='lat' dir='ltr'><strong>opponamus</strong></span> <span class='ocrx_word' id='word_1_139' title='bbox 679 1908 824 1962; x_wconf 86' lang='lat' dir='ltr'><strong>universo</strong></span> <span class='ocrx_word' id='word_1_140' title='bbox 845 1908 978 1988; x_wconf 81' lang='lat' dir='ltr'><strong>mundo,</strong></span> <span class='ocrx_word' id='word_1_141' title='bbox 1005 1906 1137 1964; x_wconf 82' lang='lat' dir='ltr'><strong>docturi</strong></span> 
     </span>
     <span class='ocr_line' id='line_1_17' title="bbox 68 1998 1125 2076; baseline 0.004 -24"><span class='ocrx_word' id='word_1_142' title='bbox 68 1998 219 2068; x_wconf 88' lang='lat' dir='ltr'><strong>Lipsicam</strong></span> <span class='ocrx_word' id='word_1_143' title='bbox 246 2002 323 2057; x_wconf 87' lang='lat' dir='ltr'><strong>hanc</strong></span> <span class='ocrx_word' id='word_1_144' title='bbox 348 2003 580 2076; x_wconf 87' lang='lat' dir='ltr'><strong>disputationem</strong></span> <span class='ocrx_word' id='word_1_145' title='bbox 608 2002 699 2056; x_wconf 80' lang='lat' dir='ltr'><strong>fuisse</strong></span> <span class='ocrx_word' id='word_1_146' title='bbox 725 2001 886 2056; x_wconf 80' lang='lat' dir='ltr'><strong>ludibrium</strong></span> <span class='ocrx_word' id='word_1_147' title='bbox 906 2001 1065 2069; x_wconf 86' lang='lat' dir='ltr'><strong>veritatis,</strong></span> <span class='ocrx_word' id='word_1_148' title='bbox 1092 2009 1125 2056; x_wconf 85' lang='lat' dir='ltr'><strong>et</strong></span> 
     </span>
     <span class='ocr_line' id='line_1_18' title="bbox 67 2091 1122 2168; baseline 0 -21"><span class='ocrx_word' id='word_1_149' title='bbox 67 2091 231 2147; x_wconf 84' lang='lat' dir='ltr'><strong>Eccianam</strong></span> <span class='ocrx_word' id='word_1_150' title='bbox 246 2096 479 2165; x_wconf 83' lang='lat' dir='ltr'><strong>simulationem,</strong></span> <span class='ocrx_word' id='word_1_151' title='bbox 499 2114 564 2168; x_wconf 85' lang='lat' dir='ltr'><strong>quae</strong></span> <span class='ocrx_word' id='word_1_152' title='bbox 583 2096 670 2151; x_wconf 86' lang='lat' dir='ltr'><strong>latius</strong></span> <span class='ocrx_word' id='word_1_153' title='bbox 689 2096 825 2167; x_wconf 86' lang='lat' dir='ltr'><strong>pandam,</strong></span> <span class='ocrx_word' id='word_1_154' title='bbox 845 2094 896 2150; x_wconf 91' lang='lat' dir='ltr'><strong>ubi</strong></span> <span class='ocrx_word' id='word_1_155' title='bbox 913 2095 1048 2167; x_wconf 80' lang='lat' dir='ltr'><strong>ampulla.</strong></span> <span class='ocrx_word' id='word_1_156' title='bbox 1061 2104 1122 2163; x_wconf 86' lang='lat' dir='ltr'><strong>tua,</strong></span> 
     </span>
     <span class='ocr_line' id='line_1_19' title="bbox 70 2189 1127 2260; baseline 0.003 -22"><span class='ocrx_word' id='word_1_157' title='bbox 70 2202 159 2256; x_wconf 86' lang='lat' dir='ltr'><strong>quam</strong></span> <span class='ocrx_word' id='word_1_158' title='bbox 178 2190 328 2259; x_wconf 88' lang='lat' dir='ltr'><strong>parturis,</strong></span> <span class='ocrx_word' id='word_1_159' title='bbox 354 2192 522 2260; x_wconf 87' lang='lat' dir='ltr'><strong>prodierit:</strong></span> <span class='ocrx_word' id='word_1_160' title='bbox 548 2191 668 2248; x_wconf 90' lang='lat' dir='ltr'><strong>interim</strong></span> <span class='ocrx_word' id='word_1_161' title='bbox 690 2192 726 2246; x_wconf 91' lang='lat' dir='ltr'><strong>ad</strong></span> <span class='ocrx_word' id='word_1_162' title='bbox 748 2190 862 2260; x_wconf 89' lang='lat' dir='ltr'><strong>reliqna</strong></span> <span class='ocrx_word' id='word_1_163' title='bbox 880 2189 970 2260; x_wconf 89' lang='lat' dir='ltr'><strong>hujus</strong></span> <span class='ocrx_word' id='word_1_164' title='bbox 990 2189 1127 2260; x_wconf 86' lang='lat' dir='ltr'><strong>sterqui.</strong></span> 
     </span>
     <span class='ocr_line' id='line_1_20' title="bbox 68 2272 1127 2358; baseline 0.002 -26"><span class='ocrx_word' id='word_1_165' title='bbox 68 2279 131 2334; x_wconf 89' lang='lat' dir='ltr'><strong>linii</strong></span> <span class='ocrx_word' id='word_1_166' title='bbox 152 2282 192 2334; x_wconf 91' lang='lat' dir='ltr'><strong>tui</strong></span> <span class='ocrx_word' id='word_1_167' title='bbox 212 2272 397 2354; x_wconf 79' lang='lat' dir='ltr'><strong>respondere</strong></span> <span class='ocrx_word' id='word_1_168' title='bbox 416 2287 508 2358; x_wconf 91' lang='lat' dir='ltr'><strong>uolo,</strong></span> <span class='ocrx_word' id='word_1_169' title='bbox 526 2305 583 2342; x_wconf 87' lang='lat' dir='ltr'><strong>neo</strong></span> <span class='ocrx_word' id='word_1_170' title='bbox 603 2301 679 2358; x_wconf 87' lang='lat' dir='ltr'><strong>opus</strong></span> <span class='ocrx_word' id='word_1_171' title='bbox 700 2294 762 2351; x_wconf 85' lang='lat' dir='ltr'><strong>est,</strong></span> <span class='ocrx_word' id='word_1_172' title='bbox 781 2300 837 2338; x_wconf 89' lang='lat' dir='ltr'><strong>una</strong></span> <span class='ocrx_word' id='word_1_173' title='bbox 854 2283 912 2337; x_wconf 86' lang='lat' dir='ltr'><strong>hac</strong></span> <span class='ocrx_word' id='word_1_174' title='bbox 939 2292 1023 2354; x_wconf 88' lang='lat' dir='ltr'><strong>parte</strong></span> <span class='ocrx_word' id='word_1_175' title='bbox 1044 2297 1127 2338; x_wconf 89' lang='lat' dir='ltr'><strong>sum.</strong></span> 
     </span>
     <span class='ocr_line' id='line_1_21' title="bbox 69 2375 751 2452; baseline 0.012 -25"><span class='ocrx_word' id='word_1_176' title='bbox 69 2375 164 2429; x_wconf 84' lang='lat' dir='ltr'><strong>maria</strong></span> <span class='ocrx_word' id='word_1_177' title='bbox 183 2379 254 2432; x_wconf 86' lang='lat' dir='ltr'><strong>satis</strong></span> <span class='ocrx_word' id='word_1_178' title='bbox 274 2389 478 2449; x_wconf 86' lang='lat' dir='ltr'><strong>monstrante,</strong></span> <span class='ocrx_word' id='word_1_179' title='bbox 498 2380 548 2452; x_wconf 87' lang='lat' dir='ltr'><strong>qui</strong></span> <span class='ocrx_word' id='word_1_180' title='bbox 565 2381 606 2437; x_wconf 85' lang='lat' dir='ltr'><strong>sis</strong></span> <span class='ocrx_word' id='word_1_181' title='bbox 625 2381 654 2435; x_wconf 92' lang='lat' dir='ltr'><strong>in</strong></span> <span class='ocrx_word' id='word_1_182' title='bbox 674 2388 751 2435; x_wconf 85' lang='lat' dir='ltr'><strong>toto.</strong></span> 
     </span>
    </p>

    <p class='ocr_par' dir='ltr' id='par_1_4' title="bbox 68 2467 1131 3666">
     <span class='ocr_line' id='line_1_22' title="bbox 139 2467 1129 2545; baseline -0.001 -23"><span class='ocrx_word' id='word_1_183' title='bbox 139 2467 179 2523; x_wconf 90' lang='lat' dir='ltr'><strong>Et</strong></span> <span class='ocrx_word' id='word_1_184' title='bbox 201 2481 235 2524; x_wconf 88' lang='lat' dir='ltr'><strong>ut</strong></span> <span class='ocrx_word' id='word_1_185' title='bbox 258 2475 377 2528; x_wconf 87' lang='lat' dir='ltr'><strong>redeam</strong></span> <span class='ocrx_word' id='word_1_186' title='bbox 403 2476 439 2530; x_wconf 87' lang='lat' dir='ltr'><strong>ad</strong></span> <span class='ocrx_word' id='word_1_187' title='bbox 465 2484 514 2545; x_wconf 80' lang='lat' dir='ltr'><strong>ta,</strong></span> <span class='ocrx_word' id='word_1_188' title='bbox 543 2477 612 2531; x_wconf 85' lang='lat' dir='ltr'><strong>dic&#39;o</strong></span> <span class='ocrx_word' id='word_1_189' title='bbox 632 2484 662 2528; x_wconf 87' lang='lat' dir='ltr'><strong>et</strong></span> <span class='ocrx_word' id='word_1_190' title='bbox 680 2489 820 2544; x_wconf 82' lang='lat' dir='ltr'><strong>propono</strong></span> <span class='ocrx_word' id='word_1_191' title='bbox 840 2486 944 2525; x_wconf 88' lang='lat' dir='ltr'><strong>coram</strong></span> <span class='ocrx_word' id='word_1_192' title='bbox 963 2479 993 2524; x_wconf 87' lang='lat' dir='ltr'><strong>te</strong></span> <span class='ocrx_word' id='word_1_193' title='bbox 1012 2478 1048 2523; x_wconf 49' lang='lat' dir='ltr'><strong>et¹</strong></span> <span class='ocrx_word' id='word_1_194' title='bbox 1062 2468 1129 2522; x_wconf 90' lang='lat' dir='ltr'><strong>uni.</strong></span> 
     </span>
     <span class='ocr_line' id='line_1_23' title="bbox 71 2562 1128 2637; baseline 0.001 -25"><span class='ocrx_word' id='word_1_195' title='bbox 71 2576 162 2614; x_wconf 87' lang='lat' dir='ltr'><strong>verso</strong></span> <span class='ocrx_word' id='word_1_196' title='bbox 181 2566 279 2630; x_wconf 89' lang='lat' dir='ltr'><strong>orbe,</strong></span> <span class='ocrx_word' id='word_1_197' title='bbox 293 2578 494 2637; x_wconf 82' lang='lat' dir='ltr'><strong>repetensque</strong></span> <span class='ocrx_word' id='word_1_198' title='bbox 514 2579 544 2622; x_wconf 86' lang='lat' dir='ltr'><strong>et</strong></span> <span class='ocrx_word' id='word_1_199' title='bbox 561 2571 669 2623; x_wconf 88' lang='lat' dir='ltr'><strong>iterum</strong></span> <span class='ocrx_word' id='word_1_200' title='bbox 689 2567 775 2621; x_wconf 85' lang='lat' dir='ltr'><strong>dico:</strong></span> <span class='ocrx_word' id='word_1_201' title='bbox 794 2562 993 2618; x_wconf 87' lang='lat' dir='ltr'><strong>Carolostadii</strong></span> <span class='ocrx_word' id='word_1_202' title='bbox 1014 2576 1128 2632; x_wconf 86' lang='lat' dir='ltr'><strong>propo.</strong></span> 
     </span>
     <span class='ocr_line' id='line_1_24' title="bbox 72 2651 1128 2726; baseline 0.001 -21"><span class='ocrx_word' id='word_1_203' title='bbox 72 2654 197 2709; x_wconf 83' lang='lat' dir='ltr'><strong>sitiones</strong></span> <span class='ocrx_word' id='word_1_204' title='bbox 216 2671 282 2709; x_wconf 88' lang='lat' dir='ltr'><strong>esse</strong></span> <span class='ocrx_word' id='word_1_205' title='bbox 302 2674 407 2725; x_wconf 86' lang='lat' dir='ltr'><strong>veras,</strong></span> <span class='ocrx_word' id='word_1_206' title='bbox 426 2658 564 2713; x_wconf 81' lang='lat' dir='ltr'><strong>simililer</strong></span> <span class='ocrx_word' id='word_1_207' title='bbox 582 2669 612 2713; x_wconf 89' lang='lat' dir='ltr'><strong>et</strong></span> <span class='ocrx_word' id='word_1_208' title='bbox 631 2675 728 2713; x_wconf 87' lang='lat' dir='ltr'><strong>meam</strong></span> <span class='ocrx_word' id='word_1_209' title='bbox 748 2657 917 2726; x_wconf 87' lang='lat' dir='ltr'><strong>epistolam.</strong></span> <span class='ocrx_word' id='word_1_210' title='bbox 951 2653 993 2710; x_wconf 83' lang='lat' dir='ltr'><strong>Et</strong></span> <span class='ocrx_word' id='word_1_211' title='bbox 1017 2662 1050 2707; x_wconf 87' lang='lat' dir='ltr'><strong>ut</strong></span> <span class='ocrx_word' id='word_1_212' title='bbox 1073 2651 1128 2707; x_wconf 90' lang='lat' dir='ltr'><strong>tibi</strong></span> 
     </span>
     <span class='ocr_line' id='line_1_25' title="bbox 73 2745 1129 2820; baseline 0.002 -21"><span class='ocrx_word' id='word_1_213' title='bbox 73 2747 196 2800; x_wconf 80' lang='lat' dir='ltr'><strong>fortiter</strong></span> <span class='ocrx_word' id='word_1_214' title='bbox 209 2748 376 2818; x_wconf 89' lang='lat' dir='ltr'><strong>inculcem,</strong></span> <span class='ocrx_word' id='word_1_215' title='bbox 394 2767 432 2804; x_wconf 89' lang='lat' dir='ltr'><strong>ne</strong></span> <span class='ocrx_word' id='word_1_216' title='bbox 452 2751 546 2805; x_wconf 84' lang='lat' dir='ltr'><strong>aliena</strong></span> <span class='ocrx_word' id='word_1_217' title='bbox 565 2752 697 2817; x_wconf 86' lang='lat' dir='ltr'><strong>intutus,</strong></span> <span class='ocrx_word' id='word_1_218' title='bbox 720 2749 874 2820; x_wconf 85' lang='lat' dir='ltr'><strong>proposita</strong></span> <span class='ocrx_word' id='word_1_219' title='bbox 898 2746 1001 2816; x_wconf 83' lang='lat' dir='ltr'><strong>(sicut</strong></span> <span class='ocrx_word' id='word_1_220' title='bbox 1023 2745 1129 2812; x_wconf 88' lang='lat' dir='ltr'><strong>soles)</strong></span> 
     </span>
     <span class='ocr_line' id='line_1_26' title="bbox 75 2839 1130 2912; baseline 0.001 -18"><span class='ocrx_word' id='word_1_221' title='bbox 75 2840 250 2910; x_wconf 85' lang='lat' dir='ltr'><strong>relinquas,</strong></span> <span class='ocrx_word' id='word_1_222' title='bbox 278 2842 452 2912; x_wconf 86' lang='lat' dir='ltr'><strong>majusculis</strong></span> <span class='ocrx_word' id='word_1_223' title='bbox 472 2843 567 2899; x_wconf 87' lang='lat' dir='ltr'><strong>literis</strong></span> <span class='ocrx_word' id='word_1_224' title='bbox 590 2842 753 2912; x_wconf 80' lang='lat' dir='ltr'><strong>designabo</strong></span> <span class='ocrx_word' id='word_1_225' title='bbox 774 2856 943 2895; x_wconf 86' lang='lat' dir='ltr'><strong>summam:</strong></span> <span class='ocrx_word' id='word_1_226' title='bbox 980 2840 1009 2895; x_wconf 85' lang='lat' dir='ltr'><strong>Si</strong></span> <span class='ocrx_word' id='word_1_227' title='bbox 1031 2839 1130 2909; x_wconf 70' lang='lat' dir='ltr'><strong>haef)</strong></span> 
     </span>
     <span class='ocr_line' id='line_1_27' title="bbox 74 2931 1129 3010; baseline 0.002 -22"><span class='ocrx_word' id='word_1_228' title='bbox 74 2937 300 3005; x_wconf 83' lang='lat' dir='ltr'><strong>propositiones</strong></span> <span class='ocrx_word' id='word_1_229' title='bbox 327 2954 414 2993; x_wconf 87' lang='lat' dir='ltr'><strong>varas</strong></span> <span class='ocrx_word' id='word_1_230' title='bbox 439 2953 505 2994; x_wconf 82' lang='lat' dir='ltr'><strong>esse</strong></span> <span class='ocrx_word' id='word_1_231' title='bbox 532 2938 691 3007; x_wconf 87' lang='lat' dir='ltr'><strong>concedis,</strong></span> <span class='ocrx_word' id='word_1_232' title='bbox 719 2934 801 3010; x_wconf 80' lang='lat' dir='ltr'><strong>quod</strong></span> <span class='ocrx_word' id='word_1_233' title='bbox 821 2932 948 2990; x_wconf 80' lang='lat' dir='ltr'><strong>lt&#39;berum</strong></span> <span class='ocrx_word' id='word_1_234' title='bbox 966 2931 1129 3006; x_wconf 77' lang='lat' dir='ltr'><strong>arbitrium</strong></span> 
     </span>
     <span class='ocr_line' id='line_1_28' title="bbox 68 3029 1129 3103; baseline 0.003 -22"><span class='ocrx_word' id='word_1_235' title='bbox 68 3036 148 3083; x_wconf 32' lang='lat' dir='ltr'><strong>tanta</strong></span> <span class='ocrx_word' id='word_1_236' title='bbox 174 3032 314 3103; x_wconf 75' lang='lat' dir='ltr'><strong>qratiam</strong></span> <span class='ocrx_word' id='word_1_237' title='bbox 343 3048 405 3094; x_wconf 77' lang='lat' dir='ltr'><strong>nort</strong></span> <span class='ocrx_word' id='word_1_238' title='bbox 431 3031 535 3088; x_wconf 75' lang='lat' dir='ltr'><strong>saltem</strong></span> <span class='ocrx_word' id='word_1_239' title='bbox 555 3049 616 3088; x_wconf 84' lang='lat' dir='ltr'><strong>non</strong></span> <span class='ocrx_word' id='word_1_240' title='bbox 640 3039 794 3100; x_wconf 87' lang='lat' dir='ltr'><strong>meretur,</strong></span> <span class='ocrx_word' id='word_1_241' title='bbox 831 3029 887 3084; x_wconf 84' lang='lat' dir='ltr'><strong>sed</strong></span> <span class='ocrx_word' id='word_1_242' title='bbox 908 3030 1001 3086; x_wconf 84' lang='lat' dir='ltr'><strong>etium</strong></span> <span class='ocrx_word' id='word_1_243' title='bbox 1020 3035 1129 3101; x_wconf 77' lang='lat' dir='ltr'><strong>peccat</strong></span> 
     </span>
     <span class='ocr_line' id='line_1_29' title="bbox 76 3121 1129 3195; baseline 0.001 -21"><span class='ocrx_word' id='word_1_244' title='bbox 76 3121 311 3192; x_wconf 79' lang='lat' dir='ltr'><strong>damnabiliter,</strong></span> <span class='ocrx_word' id='word_1_245' title='bbox 349 3125 470 3193; x_wconf 86' lang='lat' dir='ltr'><strong>(audis,</strong></span> <span class='ocrx_word' id='word_1_246' title='bbox 502 3128 603 3190; x_wconf 86' lang='lat' dir='ltr'><strong>audis,</strong></span> <span class='ocrx_word' id='word_1_247' title='bbox 634 3125 729 3194; x_wconf 85' lang='lat' dir='ltr'><strong>Eooi,</strong></span> <span class='ocrx_word' id='word_1_248' title='bbox 755 3142 793 3181; x_wconf 88' lang='lat' dir='ltr'><strong>ue</strong></span> <span class='ocrx_word' id='word_1_249' title='bbox 826 3124 969 3191; x_wconf 84' lang='lat' dir='ltr'><strong>simules)</strong></span> <span class='ocrx_word' id='word_1_250' title='bbox 997 3131 1025 3178; x_wconf 85' lang='lat' dir='ltr'><strong>et</strong></span> <span class='ocrx_word' id='word_1_251' title='bbox 1051 3139 1129 3195; x_wconf 78' lang='lat' dir='ltr'><strong>pro.</strong></span> 
     </span>
     <span class='ocr_line' id='line_1_30' title="bbox 73 3216 1130 3291; baseline 0.005 -21"><span class='ocrx_word' id='word_1_252' title='bbox 73 3216 204 3288; x_wconf 78' lang='lat' dir='ltr'><strong>pinquat</strong></span> <span class='ocrx_word' id='word_1_253' title='bbox 229 3234 290 3272; x_wconf 82' lang='lat' dir='ltr'><strong>non</strong></span> <span class='ocrx_word' id='word_1_254' title='bbox 313 3218 411 3273; x_wconf 80' lang='lat' dir='ltr'><strong>solum</strong></span> <span class='ocrx_word' id='word_1_255' title='bbox 441 3221 485 3284; x_wconf 88' lang='lat' dir='ltr'><strong>ei,</strong></span> <span class='ocrx_word' id='word_1_256' title='bbox 515 3220 596 3291; x_wconf 76' lang='lat' dir='ltr'><strong>quod</strong></span> <span class='ocrx_word' id='word_1_257' title='bbox 621 3227 666 3275; x_wconf 81' lang='lat' dir='ltr'><strong>est</strong></span> <span class='ocrx_word' id='word_1_258' title='bbox 691 3236 752 3275; x_wconf 83' lang='lat' dir='ltr'><strong>raon</strong></span> <span class='ocrx_word' id='word_1_259' title='bbox 782 3219 958 3286; x_wconf 85' lang='lat' dir='ltr'><strong>meritorio,</strong></span> <span class='ocrx_word' id='word_1_260' title='bbox 989 3218 1044 3274; x_wconf 87' lang='lat' dir='ltr'><strong>scd</strong></span> <span class='ocrx_word' id='word_1_261' title='bbox 1068 3218 1130 3275; x_wconf 81' lang='lat' dir='ltr'><strong>irti-</strong></span> 
     </span>
     <span class='ocr_line' id='line_1_31' title="bbox 78 3304 1127 3385; baseline 0.006 -23"><span class='ocrx_word' id='word_1_262' title='bbox 78 3310 188 3381; x_wconf 81' lang='lat' dir='ltr'><strong>quitati</strong></span> <span class='ocrx_word' id='word_1_263' title='bbox 203 3312 346 3375; x_wconf 84' lang='lat' dir='ltr'><strong>mortali,</strong></span> <span class='ocrx_word' id='word_1_264' title='bbox 376 3304 448 3368; x_wconf 73' lang='lat' dir='ltr'><strong>&#39;cium</strong></span> <span class='ocrx_word' id='word_1_265' title='bbox 459 3315 592 3370; x_wconf 68' lang='lat' dir='ltr'><strong>intendit</strong></span> <span class='ocrx_word' id='word_1_266' title='bbox 609 3314 741 3370; x_wconf 84' lang='lat' dir='ltr'><strong>actioni:</strong></span> <span class='ocrx_word' id='word_1_267' title='bbox 758 3313 858 3368; x_wconf 82' lang='lat' dir='ltr'><strong>victus</strong></span> <span class='ocrx_word' id='word_1_268' title='bbox 876 3330 927 3382; x_wconf 85' lang='lat' dir='ltr'><strong>es,</strong></span> <span class='ocrx_word' id='word_1_269' title='bbox 951 3323 980 3369; x_wconf 83' lang='lat' dir='ltr'><strong>et</strong></span> <span class='ocrx_word' id='word_1_270' title='bbox 1001 3313 1127 3385; x_wconf 80' lang='lat' dir='ltr'><strong>epistota</strong></span> 
     </span>
     <span class='ocr_line' id='line_1_32' title="bbox 79 3406 1130 3478; baseline 0.009 -23"><span class='ocrx_word' id='word_1_271' title='bbox 79 3419 146 3456; x_wconf 87' lang='lat' dir='ltr'><strong>mea</strong></span> <span class='ocrx_word' id='word_1_272' title='bbox 170 3421 242 3458; x_wconf 84' lang='lat' dir='ltr'><strong>vera</strong></span> <span class='ocrx_word' id='word_1_273' title='bbox 269 3417 324 3462; x_wconf 81' lang='lat' dir='ltr'><strong>eat.</strong></span> <span class='ocrx_word' id='word_1_274' title='bbox 368 3407 396 3461; x_wconf 90' lang='lat' dir='ltr'><strong>Si</strong></span> <span class='ocrx_word' id='word_1_275' title='bbox 415 3423 505 3476; x_wconf 80' lang='lat' dir='ltr'><strong>negas</strong></span> <span class='ocrx_word' id='word_1_276' title='bbox 517 3420 575 3464; x_wconf 36' lang='lat' dir='ltr'><strong>,aut</strong></span> <span class='ocrx_word' id='word_1_277' title='bbox 593 3410 763 3463; x_wconf 85' lang='lat' dir='ltr'><strong>concedere</strong></span> <span class='ocrx_word' id='word_1_278' title='bbox 785 3408 926 3478; x_wconf 87' lang='lat' dir='ltr'><strong>simulas,</strong></span> <span class='ocrx_word' id='word_1_279' title='bbox 952 3406 1130 3477; x_wconf 81' lang='lat' dir='ltr'><strong>Pelagianos</strong></span> 
     </span>
     <span class='ocr_line' id='line_1_33' title="bbox 81 3495 1129 3577; baseline 0.012 -27"><span class='ocrx_word' id='word_1_280' title='bbox 81 3502 139 3552; x_wconf 50' lang='lat' dir='ltr'><strong>esp</strong></span> <span class='ocrx_word' id='word_1_281' title='bbox 158 3495 277 3567; x_wconf 87' lang='lat' dir='ltr'><strong>Vires,</strong></span> <span class='ocrx_word' id='word_1_282' title='bbox 303 3510 333 3554; x_wconf 81' lang='lat' dir='ltr'><strong>et</strong></span> <span class='ocrx_word' id='word_1_283' title='bbox 351 3500 575 3559; x_wconf 88' lang='lat' dir='ltr'><strong>Carolostadius</strong></span> <span class='ocrx_word' id='word_1_284' title='bbox 595 3505 734 3577; x_wconf 84' lang='lat' dir='ltr'><strong>puerilia:</strong></span> <span class='ocrx_word' id='word_1_285' title='bbox 762 3520 824 3559; x_wconf 91' lang='lat' dir='ltr'><strong>non</strong></span> <span class='ocrx_word' id='word_1_286' title='bbox 846 3503 1038 3573; x_wconf 86' lang='lat' dir='ltr'><strong>dubitamus,</strong></span> <span class='ocrx_word' id='word_1_287' title='bbox 1057 3502 1129 3576; x_wconf 74' lang='lat' dir='ltr'><strong>quin</strong></span> 
     </span>
     <span class='ocr_line' id='line_1_34' title="bbox 79 3588 1131 3666; baseline 0.008 -22"><span class='ocrx_word' id='word_1_288' title='bbox 79 3592 120 3646; x_wconf 86' lang='lat' dir='ltr'><strong>sis</strong></span> <span class='ocrx_word' id='word_1_289' title='bbox 142 3591 298 3647; x_wconf 87' lang='lat' dir='ltr'><strong>heroicam</strong></span> <span class='ocrx_word' id='word_1_290' title='bbox 318 3605 399 3649; x_wconf 87' lang='lat' dir='ltr'><strong>tuam</strong></span> <span class='ocrx_word' id='word_1_291' title='bbox 418 3597 562 3653; x_wconf 86' lang='lat' dir='ltr'><strong>virtutem</strong></span> <span class='ocrx_word' id='word_1_292' title='bbox 581 3609 776 3655; x_wconf 85' lang='lat' dir='ltr'><strong>ostensurus:</strong></span> <span class='ocrx_word' id='word_1_293' title='bbox 796 3599 849 3653; x_wconf 84' lang='lat' dir='ltr'><strong>sed</strong></span> <span class='ocrx_word' id='word_1_294' title='bbox 871 3598 972 3666; x_wconf 87' lang='lat' dir='ltr'><strong>scito,</strong></span> <span class='ocrx_word' id='word_1_295' title='bbox 990 3612 1047 3653; x_wconf 89' lang='lat' dir='ltr'><strong>nos</strong></span> <span class='ocrx_word' id='word_1_296' title='bbox 1067 3588 1131 3664; x_wconf 69' lang='lat' dir='ltr'><strong>jain</strong></span> 
     </span>
    </p>

    <p class='ocr_par' dir='ltr' id='par_1_5' title="bbox 57 3687 1131 3760">
     <span class='ocr_line' id='line_1_35' title="bbox 57 3687 1131 3760; baseline 0.004 -21"><span class='ocrx_word' id='word_1_297' title='bbox 57 3748 59 3753; x_wconf 68' lang='lat'><strong>,</strong></span> <span class='ocrx_word' id='word_1_298' title='bbox 80 3702 141 3740; x_wconf 91' lang='lat' dir='ltr'><strong>non</strong></span> <span class='ocrx_word' id='word_1_299' title='bbox 158 3688 229 3754; x_wconf 90' lang='lat' dir='ltr'><strong>tibi,</strong></span> <span class='ocrx_word' id='word_1_300' title='bbox 248 3689 327 3742; x_wconf 90' lang='lat' dir='ltr'><strong>sicut</strong></span> <span class='ocrx_word' id='word_1_301' title='bbox 344 3700 426 3760; x_wconf 86' lang='lat' dir='ltr'><strong>ante,</strong></span> <span class='ocrx_word' id='word_1_302' title='bbox 443 3693 625 3751; x_wconf 87' lang='lat' dir='ltr'><strong>credituros.</strong></span> <span class='ocrx_word' id='word_1_303' title='bbox 662 3694 873 3750; x_wconf 78' lang='lat' dir='ltr'><strong>simulatorem</strong></span> <span class='ocrx_word' id='word_1_304' title='bbox 886 3687 1131 3754; x_wconf 80' lang='lat' dir='ltr'><strong>observabimus,</strong></span> 
     </span>
    </p>
   </div>
   <div class='ocr_carea' id='block_1_2' title="bbox 86 3826 694 3983">
    <p class='ocr_par' dir='ltr' id='par_1_6' title="bbox 86 3826 694 3983">
     <span class='ocr_line' id='line_1_36' title="bbox 86 3826 694 3853; baseline 0.018 -32"><span class='ocrx_word' id='word_1_305' title='bbox 86 3826 606 3853; x_wconf 81' lang='lat'>-—--—-—...........</span> <span class='ocrx_word' id='word_1_306' title='bbox 692 3829 694 3832; x_wconf 81' lang='grc'>,</span> 
     </span>
     <span class='ocr_line' id='line_1_37' title="bbox 137 3929 438 3983; baseline 0.02 -9"><span class='ocrx_word' id='word_1_307' title='bbox 137 3933 169 3983; x_wconf 78' lang='lat' dir='ltr'><strong>p)</strong></span> <span class='ocrx_word' id='word_1_308' title='bbox 196 3931 224 3976; x_wconf 74' lang='lat' dir='ltr'><strong>A.</strong></span> <span class='ocrx_word' id='word_1_309' title='bbox 240 3929 306 3983; x_wconf 81' lang='lat' dir='ltr'><strong>ialidt</strong></span> <span class='ocrx_word' id='word_1_310' title='bbox 322 3934 438 3981; x_wconf 83' lang='lat' dir='ltr'><strong>traderes.</strong></span> 
     </span>
    </p>
   </div>
   <div class='ocr_carea' id='block_1_3' title="bbox 135 4009 472 4137">
    <p class='ocr_par' dir='ltr' id='par_1_7' title="bbox 135 4009 472 4137">
     <span class='ocr_line' id='line_1_38' title="bbox 135 4009 316 4061; baseline 0 -4"><span class='ocrx_word' id='word_1_311' title='bbox 135 4011 165 4061; x_wconf 84' lang='lat' dir='ltr'><strong>t)</strong></span> <span class='ocrx_word' id='word_1_312' title='bbox 195 4009 222 4054; x_wconf 83' lang='lat' dir='ltr'><strong>ll.</strong></span> <span class='ocrx_word' id='word_1_313' title='bbox 240 4021 269 4053; x_wconf 84' lang='lat' dir='ltr'><strong>ea</strong></span> <span class='ocrx_word' id='word_1_314' title='bbox 284 4021 316 4056; x_wconf 82' lang='lat' dir='ltr'><strong>et.</strong></span> 
     </span>
     <span class='ocr_line' id='line_1_39' title="bbox 136 4080 472 4137; baseline 0.027 -9"><span class='ocrx_word' id='word_1_315' title='bbox 136 4093 163 4137; x_wconf 55' lang='grc' dir='ltr'><strong>π)</strong></span> <span class='ocrx_word' id='word_1_316' title='bbox 191 4088 220 4132; x_wconf 63' lang='grc' dir='ltr'><strong>Α.</strong></span> <span class='ocrx_word' id='word_1_317' title='bbox 235 4087 373 4137; x_wconf 76' lang='lat' dir='ltr'><strong>cartstaatt.</strong></span> <span class='ocrx_word' id='word_1_318' title='bbox 463 4080 472 4096; x_wconf 91' lang='lat'><strong><em>‘</em></strong></span> 
     </span>
    </p>
   </div>
   <div class='ocr_carea' id='block_1_4' title="bbox 0 0 1314 4732">
    <p class='ocr_par' dir='ltr' id='par_1_8' title="bbox 0 0 1314 4732">
     <span class='ocr_line' id='line_1_40' title="bbox 0 0 1314 4732; baseline 0 0"><span class='ocrx_word' id='word_1_319' title='bbox 0 0 1314 4732; x_wconf 95' lang='lat' dir='ltr'><strong> </strong></span> 
     </span>
    </p>
   </div>
  </div>
 </body>
</html>
