2574 4732
167 298 228 371 aaa
592 248 593 252 Ὺ
646 302 740 374 tate.

166 440 289 531 agitata,
307 460 442 516 discussa
460 466 491 514 et
508 459 656 529 judicata,
674 462 874 535 disputando,
892 462 1040 530 legendo,
1059 461 1223 536 docendo,

165 555 383 628 praedicando,
409 555 594 624 scribendo,
623 570 695 611 cum
724 556 904 612 acutissimis
928 565 960 611 et
978 555 1222 625 diligentissimis

165 650 251 717 viria,
271 652 401 704 necdum
414 650 534 705 inventa
551 648 698 721 reprobat
717 659 748 704 et
758 665 846 706 -nuac
862 659 932 722 pust
950 650 1107 706 fornacem
1123 653 1220 710 vestri

166 741 395 811 coniventiculi',
413 743 450 798 ab
469 760 531 799 uno
551 752 603 799 aut
620 742 738 799 dnobus
758 743 955 800 stertentibus
976 744 1139 809 fratribus,
1164 747 1221 819 qui

164 835 347 906 Magistrum
371 839 452 907 forte
479 839 618 893 viderunt
648 839 825 910 aliquando,
856 847 887 894 et
908 849 1117 909 cognoverunt
1144 857 1223 897 nun·

163 946 274 1003 qnam,
293 930 383 987 debet
400 931 542 989 haeretica
562 933 716 988 damnari?
742 931 867 999 Videte,
894 948 931 987 ne
951 949 1007 988 vos
1026 933 1220 992 inveniamini

165 1024 322 1089 haeretici,
351 1035 380 1079 et
409 1028 532 1081 omnino
560 1025 653 1094 talea,
678 1024 797 1098 qualem
821 1041 869 1082 nae
894 1036 925 1081 et
953 1041 1039 1083 meos
1069 1026 1221 1086 criminati

168 1120 269 1185 eatis„
288 1119 368 1174 Mihi
388 1136 446 1173 non
465 1119 523 1174 erit
543 1119 676 1184 difficile,
708 1118 779 1176 Deo
798 1119 947 1191 propitio,
973 1120 1133 1178 defendere
1152 1138 1222 1178 mea

167 1214 247 1269 dict'a
265 1225 370 1268 contra
392 1229 463 1268 voa:
483 1214 535 1268 sed
554 1213 642 1268 vobis
658 1214 779 1270 interint
795 1227 826 1271 et
842 1213 950 1271 Ordini
965 1226 1069 1274 restro
1087 1233 1222 1288 parcam,

165 1307 264 1362 donec
283 1306 414 1372 audiam,
441 1306 511 1375 qnid
531 1308 597 1362 sitis
616 1308 736 1364 facturi.

235 1400 370 1467 Omitto,
391 1417 456 1483 quae
481 1400 593 1456 Lector
612 1413 713 1456 vester
732 1400 946 1473 Bernhardus,
965 1412 1055 1472 capnt
1070 1404 1223 1476 ineptissi.

165 1510 265 1562 mum,
284 1495 411 1549 blaterat
431 1495 465 1548 ad
485 1493 636 1550 vicariurn
656 1494 799 1567 Episcopi
820 1499 857 1554 de
878 1498 1008 1554 scissura
1028 1500 1219 1557 inconsutilis

164 1592 295 1645 tunica:
328 1590 411 1659 quasi
447 1588 584 1644 Ecclesia
610 1589 677 1643 ideo
707 1591 746 1647 ait
769 1591 924 1663 peritura,
954 1592 979 1648 ai
1000 1591 1139 1648 Thomas
1168 1604 1221 1650 aut

88 1671 91 1676 ’
164 1682 377 1739 Bonaventura
405 1684 610 1755 repudientur.
653 1684 731 1759 Quia
761 1687 892 1743 servavit
916 1684 1103 1750 Ecclesiam,
1136 1698 1222 1743 ante.

114 1818 117 1823 .
165 1793 255 1849 quam
277 1775 415 1832 Thoans
442 1791 472 1832 et
496 1794 600 1832 ornnes
628 1779 769 1835 monaehi
793 1781 946 1837 essentia
968 1795 1070 1835 rerum
1091 1784 1221 1838 natura?

165 1870 286 1928 Deinde
319 1872 412 1926 honio
446 1873 546 1927 suavis
573 1871 806 1944 disputationem
837 1875 982 1946 privatam
1011 1890 1043 1928 ae
1074 1873 1219 1932 habuisse

165 1965 347 2031 confitetur,
373 1966 402 2019 in
431 1982 489 2036 qua
515 1965 648 2034 solemus
678 1967 773 2022 libere
797 1977 827 2023 et
847 1969 1032 2027 familiariter
1054 1968 1160 2041 loqui,
1188 1979 1221 2025 et

163 2067 266 2114 tenere
292 2076 357 2130 qun
383 2059 472 2113 etiam
497 2075 559 2114 non
587 2060 834 2130 praedicaremus:
863 2069 894 2117 at
919 2062 1112 2118 nihilominus
1139 2063 1220 2120 hanc

163 2151 259 2223 ipsam
282 2152 437 2205 detractor
456 2146 511 2206 iste
533 2152 566 2212 in
583 2154 806 2209 accusationem
824 2154 931 2223 vertit,
957 2165 988 2209 et
1006 2154 1094 2211 nobis
1120 2157 1218 2226 impu.

163 2245 226 2306 nit.
260 2247 340 2313 quod
360 2244 426 2298 laici
446 2253 608 2314 quarunt:
632 2244 683 2300 ubi
705 2246 735 2300 iu
758 2243 923 2314 Evangelio
942 2247 1059 2302 dicatur
1082 2247 1119 2300 de
1142 2264 1218 2302 con.

165 2337 297 2392 tensione
326 2347 356 2391 et
378 2337 523 2409 jejunio?
550 2335 656 2392 Videte
679 2335 761 2392 hunc
790 2349 968 2393 venenatum
1000 2337 1214 2394 insidiatorem.

165 2431 229 2486 Cur
252 2447 312 2485 nou
339 2440 368 2485 et
399 2431 470 2486 alias
504 2431 683 2502 quaestiones
717 2431 863 2486 laicorum
892 2432 966 2487 mihi
993 2432 1136 2504 imponit,
1166 2442 1217 2488 aut

164 2525 255 2580 etiam
279 2508 447 2580 vetularum
466 2525 621 2597 crepitus?
645 2524 776 2594 Verum,
794 2536 827 2582 ut
846 2526 926 2594 dixi,
953 2526 1080 2596 accipite
1100 2536 1151 2581 aut
1166 2544 1220 2597 pa.

165 2637 234 2676 cent
249 2631 298 2675 aut
319 2619 450 2687 bellum,
470 2633 503 2674 ut
517 2621 685 2676 volueritis.
711 2623 873 2689 Attamen,
891 2632 924 2674 ut
938 2621 1216 2692 superabundanter

165 2730 270 2783 agam,
299 2713 441 2770 brevibus
467 2715 520 2769 hic
544 2717 691 2770 rationem
714 2715 839 2784 signabo
866 2729 970 2769 eoram
995 2730 1123 2782 eorum,
1151 2731 1216 2786 qua

165 2827 236 2866 curn
256 2809 389 2866 Lentone
410 2820 514 2864 vestro
532 2810 620 2865 audio
640 2811 732 2866 fuisse
751 2810 909 2879 disputata.

236 2904 341 2960 Primo
355 2905 453 2960 dicitis
470 2904 562 2959 luisse
576 2905 707 2973 dietum,
725 2903 806 2976 quod
818 2902 903 2958 Deus
911 2901 1091 2972 preceperit
1103 2899 1221 2956 donnini

169 2996 388 3064 impossibilia:
416 2998 604 3069 respondeo,
633 3014 689 3053 cur
710 3014 783 3065 ergo
807 2996 916 3053 Paulus
935 2997 994 3052 tto.
1017 2995 1100 3051 v111.
1129 2995 1219 3063 dicit,

167 3092 260 3146 tuisse
282 3092 487 3163 impossibile,
513 3110 576 3147 non
597 3104 713 3147 tantum
741 3090 848 3159 nobis,
881 3092 933 3146 aed
961 3092 1049 3146 etiam
1077 3090 1154 3159 legi,
1189 3097 1222 3144 ut

163 3185 279 3254 justitia
305 3186 411 3241 fieret?
440 3187 507 3241 ideo
528 3203 652 3243 necesse
671 3187 783 3254 fuisse,
808 3195 842 3240 ut
862 3184 1002 3241 Christus
1026 3186 1221 3239 moreretur?

166 3278 272 3346 Legite
295 3279 328 3332 13.
349 3281 550 3348 Augustinum
571 3281 607 3336 de
630 3280 817 3353 perfectione
834 3277 973 3349 justitiae,
996 3287 1026 3334 et
1042 3277 1220 3340 invenietis,

167 3360 224 3427 ros
254 3373 355 3443 potius
389 3388 525 3429 errorem
562 3374 791 3431 schismaticum
825 3383 855 3429 et
885 3373 1062 3445 pestiferum
1087 3353 1224 3438 docere,

167 3467 286 3538 quando
311 3467 449 3535 negatis,
488 3468 604 3524 homini
637 3483 703 3524 esee
730 3467 926 3539 impossibilia
957 3476 1117 3540 praecepta.
1160 3466 1224 3520 Aut

168 3560 278 3629 dicite,
297 3560 322 3615 si
339 3572 408 3614 sunt
424 3560 595 3632 possibilia.
616 3563 651 3617 ad
674 3563 743 3634 quid
762 3563 930 3619 necessaria
954 3573 1001 3618 est
1023 3563 1135 3632 gratini
1161 3562 1225 3614 Aut

170 3655 293 3711 illuditis
317 3664 348 3708 et
365 3655 496 3711 irridetis
518 3657 732 3713 misericordiae
753 3657 813 3713 Dei
836 3657 1042 3713 beneficium?
1067 3655 1224 3727 Denique,

165 3766 221 3812 cur
239 3750 351 3806 oratis:
381 3748 446 3805 Fiat
464 3750 603 3806 voluntas
621 3760 687 3806 tna:
704 3753 730 3807 ai
751 3768 805 3822 per
825 3769 881 3809 ros
901 3752 1028 3824 potestis
1048 3753 1149 3808 faeere
1170 3766 1227 3805 vo.

165 3845 314 3900 luntatem
328 3844 406 3901 Dei?
425 3843 527 3901 Pudet
538 3860 586 3899 me
605 3853 666 3900 tam
684 3861 792 3901 crassae
809 3848 919 3902 vestraa'
930 3845 1119 3912 temeritatis,
1139 3843 1222 3916 quod

167 3938 248 3994 hane
268 3940 551 4013 christianissimam
567 3941 737 3999 doctrinam
755 3941 908 4014 appellatis
927 3940 1088 4012 pestiferos
1108 3946 1139 3994 at
1159 3953 1227 4009 per.

167 4034 302 4093 niciotoa
319 4051 453 4094 errores.
