2574 4732
571 313 663 384 1sm.
1086 304 1150 383 'atr
1236 272 1246 297 ⁸

26 452 29 456 ⁴
98 440 319 528 'l'revirensemx
330 472 465 543 judicem
484 489 582 529 cause
598 420 707 542 hoines
726 472 764 527 uo
780 462 903 543 1judice,
927 473 1068 546 inquam,
1087 474 1152 531 sols

100 567 156 622 fuit
172 567 305 635 mentio,
325 571 363 623 de
384 569 575 639 profectione
593 569 680 622 nihil.

165 678 271 744 Adde,
291 677 373 755 quod
394 678 474 732 idem
498 677 624 734 Carolus
646 678 743 745 dixit,
762 693 795 733 se
815 695 875 733 non
898 678 1076 749 Treverim,
1095 676 1149 736 sed

24 809 26 813 ψ
99 767 230 829 Romam
246 785 321 825 mox
339 769 401 826 hoc
420 770 526 826 itinere
544 772 768 844 profecturum,
789 781 879 843 etque
901 786 933 825 se
951 773 1013 842 jam
1030 775 1155 845 expedi.

99 864 179 919 visse
200 880 285 918 suam
303 863 568 932 commissionem,
594 882 684 937 quam
707 882 746 921 ex
765 864 840 920 urbe
856 864 1021 920 habuisset.
1056 866 1151 922 Deni-

101 973 160 1028 que
189 975 245 1027 ego
274 959 442 1028 suspicatus
471 959 529 1027 fui,
561 976 622 1014 non
641 958 681 1014 ob
706 960 782 1014 aliud
807 975 876 1013 eum
898 957 1030 1012 votuisse
1055 959 1152 1014 denuo

99 1060 222 1106 mecum
241 1051 389 1123 personali
409 1053 565 1123 presentia
586 1053 623 1107 de
643 1070 676 1107 re
694 1053 757 1122 jam
778 1053 828 1107 diu
853 1060 935 1107 certa
952 1052 1046 1123 loqui,
1065 1068 1155 1122 quem

101 1153 136 1198 ut
160 1144 189 1198 in
195 1138 320 1200 urbem
350 1146 467 1200 rediens
493 1145 639 1214 haberet,
667 1163 728 1216 quo
758 1146 939 1215 diligentium
964 1161 1049 1200 suam
1071 1160 1156 1199 com.
1204 1205 1209 1214 ,

101 1237 274 1306 mendaret,
303 1239 443 1294 videlicet
464 1241 514 1310 qui
538 1257 599 1296 non
620 1241 713 1295 semel
735 1256 856 1295 mecum
878 1240 988 1310 egisset
1012 1227 1156 1312 persons}
1185 1299 1187 1304 ,

102 1330 188 1400 iiter,
208 1332 365 1405 omniaque
385 1343 550 1400 tentasset,
569 1349 634 1406 quse
650 1332 808 1405 potuisset.

170 1442 283 1498 Verum
299 1445 392 1499 credo
414 1446 589 1500 frustratum
609 1462 662 1501 sua
682 1462 735 1517 spe
753 1447 793 1501 ita
813 1446 916 1514 nugari
938 1462 998 1518 prae
1019 1443 1154 1514 angustis
1210 1476 1214 1483 ·

102 1535 309 1607 conscientiae,
333 1548 383 1593 aut
404 1553 492 1594 more
514 1556 569 1594 suo
588 1539 725 1594 fabulari.
768 1538 874 1594 Talem
895 1541 974 1594 enim
994 1539 1083 1595 nobis
1103 1534 1156 1595 de.

101 1622 221 1704 scripsit
249 1631 314 1686 heri
338 1633 367 1686 in
392 1634 514 1705 prandio
537 1634 662 1689 Doctor
686 1618 1014 1704 quidim'Pra'epositus
1037 1633 1154 1688 Coller.

100 1725 469 1796 burgensisPomeranus‚
483 1728 534 1798 qui
553 1743 592 1781 ex
611 1726 687 1781 urbe
704 1727 825 1781 veniens
840 1726 961 1782 mecum
978 1728 1053 1798 apud
1069 1726 1158 1783 Prin.

101 1819 199 1890 cipcm
217 1821 421 1876 Pomcrsnum
439 1821 605 1875 Rectorem
624 1832 762 1876 nostrum
782 1836 907 1893 prensus
928 1821 1054 1889 retulit,
1085 1836 1157 1876 eun.

101 1913 170 1967 dem
188 1915 217 1968 in
238 1913 314 1968 urbe
331 1931 404 1984 pro,
423 1913 526 1968 nescio
546 1931 626 1985 quo,
642 1914 758 1971 haberi.
793 1913 931 1971 Jactasse
948 1901 1025 1970 enim
1042 1914 1154 1970 ibidem

102 2022 168 2061 sese
186 2007 222 2062 de
242 2007 379 2062 affinitate
392 2008 515 2063 Ducum
534 2006 687 2076 Saxoniae,
705 2008 763 2078 its,
777 2002 815 2063 'ut
838 2008 949 2080 passim
969 2008 1044 2078 apud
1060 2008 1154 2065 Italos

102 2100 138 2153 de
161 2107 283 2171 parente
303 2100 392 2168 Duce
412 2093 547 2157 Saxonis
564 2101 615 2171 (id
637 2111 703 2172 est,
729 2103 765 2158 de
786 2103 937 2173 parenteia
956 2102 1079 2157 Ducum
1098 2102 1151 2156 Sa.

101 2193 224 2265 xoniae)
242 2196 332 2250 fuerit
353 2194 536 2268 appellatus,
556 2205 585 2251 et
603 2196 695 2251 inulta
713 2194 767 2251 slis
784 2184 910 2271 riuicula
929 2206 959 2251 et
980 2212 1067 2251 vana:
1086 2192 1157 2250 bre.

101 2274 197 2354 visen
222 2289 316 2345 homo
342 2291 528 2365 miserandus
555 2299 616 2361 est,
642 2287 773 2348 ludibrio
800 2289 848 2346 ille
875 2291 985 2362 passim
1016 2289 1155 2360 habitus,

101 2382 154 2437 hic
172 2372 328 2439 habendus
344 2385 492 2442 similiter.

82 2539 87 2547 ,
172 2493 286 2548 Retulit
305 2496 383 2550 idem
405 2497 544 2564 Doctor‚
571 2498 663 2554 fuisse
683 2499 826 2554 traditum
853 2497 880 2551 ei
907 2495 1006 2550 Breve
1032 2503 1155 2565 aposto.

104 2584 194 2640 licum
211 2603 313 2640 rosam
326 2589 469 2657 aliatum,
483 2587 517 2645 'in
538 2607 599 2661 quo
619 2593 645 2646 ei
668 2592 874 2656 mandaretur,
893 2597 926 2641 ut
946 2602 1047 2641 rosum
1068 2584 1158 2641 Prin.

104 2679 163 2750 cipi
180 2678 224 2732 sic
245 2678 391 2749 offerret,
415 2691 448 2736 ut
469 2662 637 2737 Martinum
656 2683 956 2754 vicissim-mitteret,
985 2679 1155 2749 fuissetque

103 2773 143 2827 ita
166 2788 370 2844 progressum,
389 2774 444 2828 nisi
463 2775 594 2844 prudens
606 2761 733 2845 'quidam
751 2772 915 2828 cardinalis
928 2770 1156 2832 intervenisset,

105 2869 154 2939 qui
176 2866 256 2921 fecto
278 2867 368 2922 Brevi
391 2868 466 2923 dixit
483 2868 578 2924 multo
596 2869 775 2923 stomacho.
792 2866 916 2938 puerine
936 2881 1041 2920 omnes
1068 2865 1158 2935 estis,

104 2978 140 3016 sn
165 2961 276 3029 insani,
306 2971 340 3016 ut
366 2960 549 3016 monachum
574 2976 675 3017 emere
693 2962 850 3019 tentetisa
872 2958 1039 3031 Principe?
1070 2968 1159 3051 etque

103 3071 178 3111 mox
198 3071 266 3110 eum
283 3055 478 3127 discerpsisse
499 3055 636 3110 manibus
655 3056 785 3129 propriis
806 3054 888 3110 idem
909 3053 1017 3110 Breve.

127 3165 321 3222 ·Silvester
349 3166 482 3222 Priarias
503 3182 589 3221 meus
616 3175 696 3221 tacet
728 3163 818 3236 (ipso
846 3165 1039 3232 referente),
1078 3163 1162 3225 alius¹

104 3269 212 3314 sutem
225 3260 390 3331 Cyprianus
409 3262 503 3316 frater
524 3260 701 3316 Parisiensis
718 3258 825 3314 scribit
851 3267 958 3312 contra
983 3273 1052 3325 me,
1077 3273 1163 3333 mep-

106 3333 304 3424 dato'Papss,
329 3356 381 3410 sed
405 3354 531 3409 invitus:
557 3353 668 3410 dixisse
693 3354 772 3419 enim
794 3367 863 3406 eum
880 3351 975 3406 refert
1002 3347 1059 3420 (ut
1078 3351 1157 3419 iilius

105 3444 198 3503 verbs
219 3451 342 3519 ponam)
363 3449 444 3520 Papa
465 3443 580 3514 vu1t²)
599 3449 742 3515 scribam,
759 3447 812 3504 sed
830 3444 909 3502 facio
928 3445 1005 3499 male
1022 3445 1160 3502 libenter.

103 3540 211 3597 Frater
227 3541 276 3595 iile
292 3536 519 3612 verbosus'est‚
547 3558 608 3597 non
630 3541 754 3598 tacebit.
788 3539 937 3611 Dialogus
957 3557 1043 3596 meus
1061 3541 1155 3599 durus

106 3644 153 3691 est
169 3636 248 3704 iliis,
269 3646 299 3691 et
314 3635 420 3691 Romae
440 3637 518 3692 bene
538 3646 639 3692 notus.
676 3635 793 3695 Literas
808 3635 1016 3707 Universitatis
1033 3633 1161 3704 Lipscu.

107 3728 148 3782 sis
167 3731 302 3784 nondum
324 3729 438 3785 habeo:
457 3730 556 3787 inveni
577 3740 676 3786 autem
697 3731 797 3787 denuo
817 3729 948 3790 hominis
971 3729 1050 3785 iliius
1069 3724 1160 3783 Rubii
