2574 4732
151 301 222 437 ¹att
270 428 273 433 y
638 298 738 401 asu.

162 500 214 556 tua
229 487 426 557 humanitate,
443 503 517 542 meae
531 487 580 542 vel
600 487 757 561 charitati,
775 486 823 543 vel
837 464 1220 561 imperitisa'qnandoqni.

163 585 232 639 dem
255 600 321 651 ego,
341 584 418 636 inter
435 582 585 652 sophistas
605 591 763 639 consumta
783 593 879 650 aetate,
897 599 954 637 nec
972 592 1086 636 tantum
1105 580 1219 653 didici,

162 690 195 731 ut
225 677 375 730 cruditum
399 677 503 730 'virum
532 677 645 745 possim
674 693 729 747 per
756 676 857 730 literas
884 672 1032 741 salutare,
1063 660 1220 747 alioquin,

163 772 282 841 quantis
291 775 354 839 jam
371 769 482 823 dudum
501 770 594 824 literis
615 782 645 824 te
668 769 857 836 fatigassem,
873 784 930 822 nec
949 784 1056 838 pastus
1077 768 1218 842 fuissem,

162 876 196 917 ut
210 876 361 934 'perpetuo
381 874 414 916 tu
433 863 505 916 mihi
525 864 608 918 solus
627 862 795 933 loquereris
813 862 842 916 in
862 860 1010 916 cubiculo
1024 878 1106 918 meo.

231 956 322 1012 Nunc
342 957 461 1026 quando
477 971 515 1009 ex
537 958 652 1026 optimo
669 954 807 1009 Fabricio
825 953 971 1025 Capitone
989 944 1141 1025 intellexi,
1160 972 1218 1027 per

162 1066 255 1117 nugas
274 1051 336 1104 illas
357 1049 604 1116 indulgentiarum
623 1064 734 1102 nomen
751 1063 849 1101 meam
869 1046 922 1102 tibi
949 1049 1124 1117 cognitum,
1148 1057 1215 1104 tum

163 1159 204 1198 ex
232 1144 404 1217 praefnnone
431 1140 597 1195 Euchiridii
625 1154 676 1195 tua
700 1141 926 1208 recentissima,
954 1158 1015 1196 non
1037 1143 1130 1197 modo
1157 1142 1216 1199 tibi

162 1239 226 1292 visa
246 1253 329 1304 ease,
347 1235 400 1290 sed
420 1244 450 1287 et
469 1248 589 1305 accepta
607 1250 672 1288 ntea
693 1232 908 1291 fabulantenta:
928 1251 1024 1304 cogor
1044 1251 1212 1304 agnoscere
1243 1254 1246 1259 ’

162 1332 211 1386 vel
238 1328 456 1383 barbarissimis
478 1329 571 1385 literis
600 1329 752 1399 egregium
785 1336 872 1383 tuum
904 1327 1067 1400 spiritum,
1096 1331 1155 1385 mei
1182 1340 1217 1387 et

163 1424 298 1478 omnium
320 1422 579 1494 locupletatorem.
625 1421 803 1495 Quanquam
828 1421 911 1492 scio,
944 1431 974 1477 te
1002 1439 1127 1496 prorsus
1156 1441 1214 1496 pro

162 1534 197 1572 re
221 1517 342 1571 minima
364 1515 553 1583 habiturum,
582 1519 663 1587 quod
689 1517 783 1575 literis
803 1528 952 1572 amantem
976 1526 1006 1571 et
1025 1526 1144 1586 gratum
1163 1534 1215 1573 me

163 1611 319 1666 exhibeo:
346 1611 396 1680 qni
419 1611 534 1665 abunde
562 1621 723 1666 contentus
747 1627 798 1680 ea,
825 1612 906 1682 quod
936 1613 1055 1667 occulta
1082 1621 1112 1665 et
1135 1613 1215 1683 apud

162 1704 265 1760 Deum
286 1706 465 1773 gratitudine
486 1715 516 1760 et
537 1704 684 1761 charitate
703 1705 819 1759 animus
832 1700 868 1760 'in
889 1716 920 1761 te
939 1705 1053 1772 fervet,
1082 1705 1161 1760 sicut
1182 1715 1216 1761 et

107 1843 109 1847 .
162 1815 221 1856 uus
248 1809 294 1854 sat
325 1800 492 1869 babemus,
524 1802 605 1870 quod
633 1796 869 1868 ignorantea²),
903 1809 988 1854 tuum
1022 1800 1153 1855 animum
1184 1808 1217 1855 et

164 1891 261 1946 officia
282 1894 312 1947 in
332 1893 426 1948 literis
445 1891 592 1965 habmus
611 1896 675 1948 siue
693 1893 786 1948 literis
809 1903 840 1947 ea
862 1893 1001 1963 corporis
1024 1894 1065 1948 tui
1086 1909 1217 1949 conver.

164 1987 302 2042 satione:
322 1997 497 2040 nontamen
520 1988 629 2056 patitur
645 1998 676 2040 et
696 1986 794 2056 pudor
807 1996 837 2040 et
858 1985 1043 2040 conscientia
1065 2003 1124 2040 nott
1148 2003 1217 2056 gra.

163 2077 270 2137 tificuri
286 2092 316 2133 et
333 2079 450 2142 verbis.
471 2079 634 2148 prasertim
650 2091 808 2147 postquam
826 2079 916 2148 coepit
934 2087 964 2132 et
983 2095 1093 2133 nornen
1111 2094 1214 2135 meum

162 2185 224 2249 non
247 2173 356 2249 tatere:
385 2187 423 2224 ne
444 2171 606 2238 malignum
627 2172 767 2240 cuiquam
790 2169 884 2223 videri
904 2169 999 2240 posait
1022 2180 1053 2224 et
1075 2173 1212 2242 pessimae

81 2279 84 2285 ·
163 2264 275 2332 speciei
293 2262 455 2317 silentium.

234 2355 296 2422 Ita,
326 2357 366 2408 mi
389 2354 533 2422 Erasme,
561 2357 609 2411 vir
628 2354 779 2423 amabilis,
804 2356 828 2410 si
848 2355 887 2409 ita
910 2355 962 2410 tibi
983 2355 1080 2410 visum
1098 2354 1207 2425 fuerit,

163 2466 293 2518 agnosce
309 2460 339 2502 et
355 2452 435 2508 hunc
456 2451 651 2506 fraterculum
670 2451 699 2504 in
719 2448 862 2515 Christo,
883 2449 925 2504 tui
944 2459 1027 2504 certe
1048 2460 1078 2502 et
1094 2450 1211 2504 studio.

163 2547 315 2599 sissimum
340 2556 369 2599 et
395 2545 645 2611 amantissimum,
670 2554 812 2597 caeterum
834 2559 890 2615 pro
912 2543 1027 2604 inscitia
1054 2559 1106 2598 aua
1136 2542 1209 2598 nihil

163 2640 327 2703 meritum,
347 2655 436 2706 quum
457 2651 488 2693 ut
508 2641 536 2693 in
556 2640 664 2707 angulo
683 2641 834 2710 sepultus,
854 2635 1007 2692 communi
1028 2638 1117 2691 etiam
1132 2638 1211 2692 coelo

165 2747 196 2787 et
227 2735 283 2788 suli
314 2747 432 2800 ignotus
460 2745 559 2788 esset:
591 2733 671 2803 quod
697 2745 727 2788 et
755 2750 815 2788 non
841 2732 923 2802 segni
954 2732 1063 2786 affectu
1092 2748 1212 2804 semper

165 2828 285 2899 optavi,
306 2844 336 2879 ut
354 2829 404 2897 qui
421 2843 518 2882 essem
534 2827 606 2881 milti
625 2826 703 2881 belle
726 2828 865 2882 conscius
885 2841 958 2880 meaa
979 2825 1211 2911 suppellelctilis‘:

165 2927 219 2977 sed
238 2923 359 2988 nescio,
378 2939 438 2992 quo
459 2922 537 2985 fato,
564 2924 651 2989 longe
673 2923 701 2975 in
727 2922 909 2975 contrarium
927 2934 975 2973 res
997 2918 1083 2979 abiit,
1107 2929 1140 2972 ut
1158 2936 1212 2973 co.

166 3030 219 3084 gar
236 3017 331 3071 multo
347 3019 463 3086 pudore
481 3017 552 3086 pati,
567 3032 647 3069 meaa
663 3014 838 3082 ignominias
856 3023 885 3067 et
898 3011 1048 3066 infelicem
1063 3013 1211 3068 inscitiam

166 3110 256 3164 etiam
276 3125 379 3163 coram
398 3110 497 3173 doctis
516 3109 627 3164 versari
648 3119 677 3163 et
691 3108 810 3178 jactari.

234 3203 391 3273 Pitilippus
416 3202 595 3257 Mtlanthon
619 3218 763 3273 prospere
785 3193 864 3270 agit,
890 3199 947 3255 nisi
971 3202 1053 3272 quod
1073 3202 1125 3256 vix
1147 3211 1212 3256 tan.

166 3303 233 3349 tum
257 3296 374 3350 efficere
401 3312 561 3365 possumus
587 3311 710 3364 omnes,
741 3310 778 3347 ne
804 3295 957 3349 literarum
986 3296 1076 3351 nimia
1100 3297 1212 3351 insania

165 3388 344 3444 valetudinis
363 3389 509 3443 acceleret
520 3390 689 3459 jacturamt
708 3384 791 3444 ardet
810 3405 864 3460 pro
882 3391 975 3446 aetatis
995 3390 1096 3445 calore
1112 3393 1212 3446 omnia

167 3481 308 3536 omnibus
330 3482 416 3536 simul
442 3481 504 3536 fieri
531 3493 561 3537 et
588 3485 696 3540 facere.
742 3483 791 3538 Tu
813 3483 943 3538 officium
965 3485 1089 3554 feceris,
1115 3487 1139 3539 si
1158 3503 1213 3555 per

165 3575 268 3631 literas
291 3575 446 3631 hominem
471 3579 641 3642 monueris,
671 3587 704 3632 ut
722 3593 754 3632 se
774 3577 862 3634 nobis
881 3589 911 3635 et
931 3578 1019 3635 bonis
1036 3580 1130 3634 literis
1148 3595 1212 3633 ser.

166 3680 229 3728 vet.
270 3669 351 3726 Nam
376 3671 437 3727 hoc
462 3672 558 3743 capite
587 3672 689 3741 salvo,
717 3671 821 3730 nescio
840 3672 909 3746 quid
932 3675 1026 3746 majus
1044 3688 1096 3744 ape
1122 3672 1211 3730 nobis

167 3766 358 3840 pollicemur.

221 3987 249 4034 a)
278 3982 378 4029 Auris.
397 3983 547 4042 ignorantis,
563 3984 672 4040 nairtd·
685 3981 841 4042 bunditiam.
860 3966 991 4037 'nitunt
1008 3980 1059 4038 tiit
1078 3986 1142 4044 quod
1160 3985 1211 4046 ign.

169 4059 208 4112 iil
222 4062 338 4112 babemus
356 4063 410 4114 tui.
