2574 4732
185 317 247 387 262
666 311 755 380 1519.

624 466 796 525 Jecur.

183 601 335 692 Satureio.
379 632 495 689 clausis
516 631 611 688 literis
630 632 807 704 prioribus,
836 629 877 687 mi
897 630 1065 702 Spslstiue,
1094 629 1179 690 misit
1195 636 1234 692 sd

183 748 234 790 me
251 731 292 786 D.
312 729 467 796 Andreas,
486 743 560 799 quos
575 727 611 783 sd
627 743 695 781 eum
711 725 818 782 dedisti
835 724 954 788 literas,
970 723 1116 783 similibus
1131 729 1237 800 queri.

184 827 295 882 moniis
311 825 431 896 plenus,
451 823 491 877 ita
512 831 545 876 ut
570 833 600 875 et
618 837 674 889 ego
691 836 785 891 prope
802 820 926 876 fuissene
944 819 1103 877 stomscho
1118 835 1236 881 motus.

185 922 282 989 Urges
304 919 406 972 mend
427 917 619 993 revelandum
638 913 797 969 consilium
819 929 930 970 meum.
972 913 1045 971 Non
1065 916 1148 989 quod
1167 919 1237 975 noi.

183 1016 245 1071 iem
266 1024 296 1067 te
312 1014 391 1067 scire
402 1049 412 1078 ,
432 1010 503 1081 quid
521 1022 654 1081 spectem
664 1049 675 1076 ,
693 1008 746 1064 sed
767 1008 848 1080 quod
869 1008 978 1069 sciam,
1003 1008 1138 1066 revelare
1159 1029 1236 1069 con.

184 1107 249 1163 silis
272 1102 311 1172 sit
332 1105 432 1169 idem,
456 1103 536 1174 qnod
560 1103 644 1157 irrita
671 1101 769 1154 fecere
793 1101 935 1171 consilis,
960 1103 1128 1175 presertim
1145 1105 1174 1162 si
1192 1123 1236 1163 ex

184 1202 255 1257 Deo
270 1200 347 1266 sint,
366 1200 416 1268 qui
435 1197 570 1253 omnium
587 1194 943 1265 impmientissimus,fert
961 1212 1014 1254 sus
1030 1200 1156 1255 consilis
1178 1218 1238 1258 nu.

183 1295 266 1362 dari,
286 1300 445 1363 antequem
463 1291 582 1361 impletu
601 1299 671 1344 sunt
689 1286 788 1356 (siout
806 1290 879 1345 dicit
897 1306 950 1361 per
967 1291 1105 1364 Essjsm3
1124 1299 1159 1351 ire
1177 1313 1236 1354 no.

181 1387 316 1444 cissimis
344 1384 518 1458 intelliqetis
548 1383 706 1439 consilium
735 1381 846 1454 rjur):
880 1387 1004 1456 perdam
1038 1389 1137 1461 ireque
1172 1393 1236 1448 hoc

182 1466 285 1537 meum
309 1461 467 1535 cotssiliunn
478 1518 488 1546 ,
508 1477 583 1535 mihi
607 1494 677 1533 sone
696 1477 964 1549 jucundissimum,
983 1493 1034 1538 tue
1052 1499 1178 1554 neusse,
1195 1504 1235 1542 ne

183 1590 260 1633 sesto
281 1574 476 1631 excrucieris.

197 1728 200 1739 ,
253 1654 318 1726 Scis
340 1669 412 1724 mihi
438 1684 504 1723 rem
527 1682 593 1723 esse
617 1683 687 1725 curn
711 1666 862 1738 subdolo,
886 1668 1040 1739 superbo,
1059 1673 1236 1745 versipelle,

185 1764 321 1821 clamoso
338 1760 489 1834 sophista.
515 1761 621 1818 deinde
640 1762 690 1832 qui
712 1761 741 1816 id
760 1762 848 1818 unice
866 1773 1000 1834 spectet,
1023 1781 1084 1836 quo
1104 1782 1152 1821 me
1175 1777 1237 1823 tre.

184 1861 275 1914 ducat
298 1857 410 1927 vulgo,
444 1865 474 1911 et
503 1855 643 1912 Pontifici
674 1856 779 1912 reddu't
807 1857 952 1914 devotum
981 1858 1122 1916 omnibus
1151 1861 1238 1920 diris.

183 1952 244 2010 Has
265 1952 343 2005 enim
368 1949 488 2006 insidias
514 1965 582 2005 suas
607 1951 807 2020 iniquissimas
831 1952 996 2020 intelliges,
1028 1952 1052 2007 si
1081 1954 1145 2024 ejus
1174 1956 1236 2013 ΧΠ

186 2041 449 2111 conclusiones²)
478 2043 570 2113 legas.
611 2044 744 2100 Proinde
769 2054 799 2099 et
823 2061 879 2112 ego
906 2048 941 2099 ad
963 2048 1082 2102 insidias
1111 2065 1238 2120 versus,

185 2140 247 2193 suis
264 2155 331 2192 eum
349 2137 463 2192 artibus
481 2138 692 2197 confecturus,
714 2139 754 2191 ita
771 2139 857 2207 posui
867 2137 924 2194 xit
943 2140 1113 2207 contraris,
1135 2151 1167 2194 ut
1185 2143 1236 2198 iile

184 2231 353 2285 certissime
372 2243 529 2300 praesumst
540 2247 573 2285 se
588 2230 799 2300 triumphasse,
818 2240 847 2283 et
866 2233 936 2286 dum
952 2246 1011 2299 prro
1021 2232 1128 2297 gaudio
1142 2248 1237 2288 enco-

184 2323 278 2378 mium
293 2324 526 2392 ceoinerit‚Deo
541 2323 659 2376 volente
673 2321 773 2374 statim
785 2337 817 2376 se
833 2321 954 2374 irrideat
967 2337 1069 2375 coram
1081 2323 1232 2380 omnibus.

254 2417 323 2470 Scio
346 2419 445 2484 enim,
470 2415 548 2486 quod
574 2430 613 2468 ex
636 2414 694 2467 huc
719 2424 803 2484 perte
822 2414 990 2484 irrupturus
1010 2426 1074 2481 est,
1103 2416 1235 2474 clamans

186 2526 221 2564 ac
241 2513 391 2578 gestiens,
420 2509 500 2579 quod
519 2524 580 2561 nou
603 2509 716 2576 possim
738 2505 884 2576 probare,
910 2524 966 2562 nec
992 2513 1235 2579 supputationem

185 2622 332 2658 annorum
355 2613 437 2657 recte
463 2600 629 2668 renuerim,
659 2602 727 2670 quia
752 2601 840 2669 longe
870 2612 936 2654 onte
959 2599 1010 2655 [100
1036 2620 1148 2670 annos,
1174 2607 1235 2662 imo

184 2711 253 2756 unte
269 2699 349 2752 mille
370 2709 462 2750 annos
487 2704 608 2766 quoque
630 2695 765 2750 Romana
782 2690 919 2751 Ecclesia
939 2697 1064 2752 decreto
1087 2699 1232 2767 ediderit,

185 2793 350 2864 praesertim
375 2787 475 2844 Julius
504 2785 619 2857 primus
641 2791 799 2860 proximus
827 2790 954 2846 Nicaeno
984 2792 1138 2859 concilio,
1170 2810 1237 2848 esse

185 2886 352 2945 Romanum
368 2881 538 2939 Ecclesiam
559 2881 694 2939 omniurn
711 2882 913 2955 superiorem:
934 2901 990 2941 nec
1007 2886 1071 2943 sine
1093 2905 1125 2940 en
1145 2888 1236 2942 licere

186 2980 350 3034 concilium
370 2974 514 3034 indicere.
551 2971 604 3033 llis
626 2982 703 3034 enim
726 2979 774 3033 rlle
795 2979 986 3037 securissime
1012 2981 1128 3048 fretus,
1147 2983 1237 3037 etiam

186 3072 296 3130 ridebit
311 3074 446 3145 (spero)
468 3089 564 3127 meant
579 3073 785 3128 incredibilem
803 3073 958 3129 stultitiam
978 3085 1009 3129 et
1027 3076 1238 3134 temeritatem.

256 3167 338 3222 Tum
366 3185 422 3237 ego
443 3168 579 3223 dicturus
600 3184 685 3234 suin,
715 3167 796 3238 quod
815 3167 937 3221 decreta
954 3169 1002 3223 itta
1022 3185 1172 3240 nunquam
1190 3188 1239 3224 re.

189 3271 277 3332 cepta
295 3271 383 3318 sunt:
411 3261 463 3315 sed
482 3262 537 3316 etsi
557 3259 725 3327 Gregorius
743 3260 804 3328 ΚΧ,
824 3264 873 3332 qui
895 3262 1103 3318 Decretaliutn
1122 3265 1238 3336 prImus

192 3356 343 3409 coilrotor
363 3367 422 3421 est,
441 3355 491 3425 qui
508 3347 662 3410 Friderico
678 3357 812 3412 secundo
828 3355 864 3424 b)
882 3367 952 3428 post
979 3358 1007 3412 S.
1026 3358 1239 3426 Franciscmn,

190 3448 409 3508 Doniinioum,
442 3448 492 3518 qui
512 3450 639 3520 denique
664 3460 798 3503 sunctum
818 3462 953 3505 nostram
976 3451 1133 3507 Elisabeth
1149 3469 1241 3512 enno.

190 3545 317 3609 nisuvit,
347 3542 407 3596 huc
427 3551 487 3597 est·
514 3545 647 3598 nondum
665 3540 717 3598 loo
735 3537 817 3599 annis
838 3555 992 3602 mortuus:
1019 3547 1043 3602 si
1066 3545 1239 3604 Boniiucius

193 3649 338 3698 octavus,
359 3635 437 3689 sexti
450 3634 671 3706 Decretolimn,
686 3636 711 3692 si
729 3635 1018 3712 clemensquintue,
1039 3642 1243 3698 Clementini.

193 3746 262 3791 rum
277 3737 382 3787 sutor,
400 3743 461 3783 non
482 3730 668 3796 redegissent
686 3733 828 3803 epistolas
840 3735 1007 3794 decretales
1025 3738 1055 3792 in
1073 3738 1240 3794 voluminius

197 3867 722 3901 Μ

249 3967 282 4011 s)
312 3959 416 4008 norit.
434 3962 569 4010 conciones.
940 4027 949 4035 ι

249 4041 282 4103 b>
310 4039 446 4098 blitiri:
469 4044 510 4105 qui
526 4056 580 4092 eum
594 4041 717 4094 Fridtrisu
732 4051 836 4096 secundo
851 4049 914 4097 uiuit
927 4059 958 4097 et.
1006 4037 1010 4053 '
