2574 4732
544 303 633 385 nn.
808 406 811 411 .
1054 270 1116 386 lut

68 473 167 532 infusa
187 472 307 544 gratis,
331 487 399 545 qne
421 471 534 544 incipit·
556 469 781 544 poenitentiam,
804 470 947 547 timorem
971 471 1113 530 servilem

67 578 263 636 aarum,
281 568 368 624 simul
388 582 516 639 operans
537 558 680 621 timorem
698 564 834 634 filialem,
852 581 923 621 cum
945 564 1007 624 sint
1023 583 1116 639 opera

67 659 132 718 Dei
153 660 319 730 terribilia,
359 661 430 716 dum
458 659 664 715 vivificaturus
695 659 807 715 occidit
834 671 893 716 etc.
939 662 986 715 An
1016 667 1118 719 sutem

68 756 173 813 animas
194 765 298 810 essem
323 763 415 809 certas
436 755 474 808 de
500 754 612 815 salute.
643 762 674 808 et
705 753 798 822 grstia
822 752 852 807 iu
875 753 919 809 eis
941 756 1116 826 augeretur,

69 850 133 907 dixi
152 864 201 905 rue
219 849 358 916 nescire,
377 849 466 918 juxta
489 848 720 920 disputationem
744 861 842 901 mesm
865 847 895 901 in
915 849 1116 910 resolutorios

68 945 199 1000 necdum
229 945 293 1017 ipse
326 944 543 1000 demonstravit
576 940 774 998 contrarium.
823 939 870 995 ita
895 940 993 1001 adlruc
1020 948 1119 1012 media

69 1039 180 1110 pendet
200 1039 357 1095 sententia.

80 1160 83 1171 ·
123 1131 191 1187 rsse
207 1133 399 1203 indulgentiis
416 1147 500 1204 paene
518 1130 759 1197 concordamus,
784 1134 850 1200 quas
865 1137 895 1184 et
917 1145 1010 1203 prope
1028 1131 1059 1188 in
1077 1134 1118 1188 ri.

71 1240 139 1283 sum
158 1225 308 1296 abierunt,
326 1226 474 1298 siquidem
487 1211 524 1280 ¹et
542 1225 606 1298 ipse
620 1225 717 1295 palam
732 1223 761 1278 in
777 1224 884 1293 vulgus
905 1240 1027 1297 quoque
1044 1243 1119 1282 con.

15 1349 21 1359 ·
72 1321 209 1376 sinuatus
225 1330 284 1384 est,
304 1338 365 1376 non
379 1336 445 1376 esse
465 1319 586 1392 quidem
606 1334 656 1373 ess
675 1319 925 1386 contemnendas,
943 1335 1002 1374 nec
1019 1329 1120 1379 tamen

71 1415 103 1470 in
119 1415 163 1471 eis
183 1413 342 1481 fidendum,
362 1414 518 1485 quomodo
534 1406 701 1470 sifuissent
720 1429 774 1483 per
788 1405 1034 1482 indulgentiarios
1045 1433 1120 1487 pre.

71 1509 194 1576 dicatae,
210 1526 267 1564 nec
287 1508 410 1564 Lutheri
427 1524 538 1565 nomen
555 1508 647 1564 hodie
667 1506 745 1562 ullus
767 1507 847 1565 forte
865 1518 989 1566 nosset:
1013 1511 1119 1567 scd‘et

72 1603 102 1658 iu
120 1618 152 1657 se
168 1603 239 1674 ipsis
248 1604 317 1674 -jam
343 1604 392 1660 dio
414 1603 618 1673 corruissent,
636 1596 835 1656 morientibus
854 1619 915 1671 prae
934 1602 1013 1658 fame
1032 1604 1119 1660 coin.
1210 1618 1212 1622 ⁴

70 1698 227 1766 missariis,
243 1699 269 1753 si
290 1697 419 1770 populus
442 1697 596 1764 novisset,
613 1711 675 1750 non
698 1709 763 1751 esse
787 1693 817 1749 in
834 1709 887 1751 eas
900 1683 937 1763 Β)
954 1696 1115 1756 fidendum.

71 1791 181 1864 Itaque·
192 1807 282 1863 quam
302 1807 357 1858 ego
376 1791 443 1845 fore
462 1789 602 1860 putabam
617 1803 765 1843 summam
782 1788 992 1857 disputationis
1005 1800 1035 1845 et
1052 1810 1118 1849 rem

71 1886 206 1940 omnium
221 1883 525 1955 periculosissimam,
543 1883 617 1937 adeo
633 1882 698 1937 sinc
716 1881 838 1950 negotio
857 1882 1064 1955 confecimus,
1083 1899 1117 1944 ut

69 1977 144 2032 nihil
167 1977 232 2032 fere
257 1977 378 2045 segnius
396 1976 642 2032 tractaverimus:
670 1976 732 2033 imo
751 1991 903 2048 nunquam
921 1978 1069 2038 infelicius
1087 1996 1118 2038 ct

72 2071 211 2125 miserius
230 2069 401 2127 habueruut
419 2056 618 2139 indulgentie.

134 2162 254 2238 Quare
279 2166 350 2221 satis
378 2174 462 2222 tutus
486 2164 596 2220 mansit
624 2179 725 2220 sermo
753 2179 839 2220 meus
865 2165 903 2222 de
928 2166 1117 2239 indulgentiis

69 2259 266 2327 vernaculus,
285 2275 355 2314 cum
373 2260 420 2316 his
442 2275 506 2333 quae
528 2260 557 2315 iu
574 2258 758 2315 resolutorie
775 2268 805 2313 et
816 2271 923 2316 contra
939 2261 1117 2321 silvestrum

70 2354 99 2407 in
124 2353 202 2408 hanc
225 2369 288 2408 rem
308 2355 432 2425 scripsit
455 2355 527 2410 licet
542 2353 590 2408 vel
610 2369 698 2409 mors
716 2367 790 2421 auo,
808 2355 857 2409 vel
870 2355 959 2425 jussu
976 2357 1117 2416 fermenti

72 2447 118 2502 sui
145 2463 205 2502 non
231 2450 363 2519 potuerit
392 2464 460 2503 eum
483 2447 727 2520 irreprehensum
760 2446 949 2518 relinquere,
976 2467 1116 2520 causam,

72 2541 154 2610 quod
177 2542 347 2613 deciperem
375 2543 514 2597 homines
538 2541 639 2598 verbis
658 2540 752 2596 meis:
779 2551 810 2594 et
838 2541 930 2596 vitam
955 2558 1066 2598 novam
1088 2555 1119 2597 et

73 2647 213 2694 crucem,
241 2650 330 2703 quam
357 2651 373 2686 a
399 2635 470 2689 Deo
501 2635 613 2704 requiri
639 2635 669 2688 in
688 2638 850 2704 peccatore
872 2633 1032 2699 dixeram,
1056 2648 1118 2692 tam

72 2725 240 2796 profundus
271 2726 431 2794 theologus
461 2743 522 2781 non
549 2726 697 2782 intellexit
725 2726 878 2782 includere
907 2741 997 2781 omne
1025 2745 1119 2808 genus

72 2821 161 2889 mali,
184 2819 273 2874 etiam
296 2821 403 2876 mortis
426 2821 455 2874 in
475 2821 537 2875 hoc
560 2819 683 2874 mundo.
725 2817 793 2879 Nec
813 2817 942 2887 mirum,
970 2822 1116 2891 quianon

73 2913 260 2985 Scripturas,
279 2929 335 2968 nec
355 2924 461 2983 tropos
479 2912 559 2982 ejus·
578 2913 631 2968 sed
646 2913 746 2967 lumen
761 2921 893 2980 naturae,
913 2915 1119 2986 Aristotelem,

74 3017 105 3062 et
122 3008 302 3063 illuminatos
325 3008 432 3062 eodem
454 3005 566 3061 lumine
586 2994 730 3064 doctores
751 3006 896 3064 duntaxat
911 3009 998 3077 legit:
1025 3021 1055 3067 et
1077 3024 1119 3067 ta.

71 3118 141 3157 men
161 3101 243 3156 velut
256 3100 353 3156 Moab
369 3101 630 3170 arrogantissimus
645 3101 711 3173 plus
725 3108 1031 3176 praesumens,'quam
1049 3123 1119 3179 pos.

72 3205 134 3255 set.
161 3197 279 3264 omnia,
305 3212 370 3266 quse
386 3210 518 3267 uuquam
537 3195 700 3265 dixissem,
718 3195 892 3253 calumniari
911 3203 943 3254 et
960 3200 1117 3258 traducere

73 3290 248 3345 conabatur.

140 3380 272 3440 Proinde
288 3385 400 3452 miror,
423 3382 494 3456 quid
516 3399 595 3439 nunc
616 3384 724 3443 dicturi
741 3385 910 3458 factorique
928 3386 987 3444 sint
1006 3389 1115 3447 fratres

72 3477 131 3545 illi,
150 3478 200 3550 qui
219 3494 267 3532 me
283 3479 393 3549 passim
412 3479 488 3548 apud
506 3479 657 3552 principes
675 3489 707 3535 et
722 3480 833 3552 ubique
851 3476 1001 3539 terrarum
1020 3483 1117 3541 haere.

72 3573 189 3639 ticum,
218 3582 249 3627 st
269 3572 382 3628 nescio·
400 3582 476 3650 quot
499 3573 671 3629 nominibus
695 3576 842 3631 criminati
871 3587 966 3648 sunt,
993 3588 1118 3651 propter

73 3665 291 3736 indulgentias,
326 3679 392 3722 tum
424 3667 584 3724 schedulas
600 3653 631 3737 ¹)
664 3669 736 3725 satis
769 3670 881 3743 smplss
909 3673 1118 3745 disputationis

74 3761 261 3829 contraries,
286 3777 393 3831 magno
417 3761 474 3828 <ut
498 3763 639 3834 dicitur)¹
659 3764 809 3840 stipendio
832 3765 993 3839 ¹alienoque
1017 3765 1117 3824 studio

75 3901 596 3920 mun-*-

127 3979 159 4028 k)
188 3979 215 4024 Α.
232 3977 257 4026 Β.
276 3979 321 4026 eir.

125 4056 153 4109 ll
187 4059 215 4105 ll.
233 4058 260 4107 d.
276 4059 379 4106 Srlrrdas
