2574 4732
160 290 224 368 'aas
320 316 322 325 ·
641 296 733 373 1519„

161 464 299 529 paratas,
326 454 536 523 invulgarunt,
559 461 590 509 et
612 454 726 511 Christi
742 456 887 528 populum
908 457 970 512 suis
988 454 1214 529 impudentibus

161 548 339 621 imposturis
359 557 390 603 et
409 549 440 603 in
463 548 559 603 anima
581 549 767 604 seduxerunt
786 560 817 603 et
834 550 865 604 iu
885 566 1016 621 corpore
1035 550 1127 606 rebus
1148 550 1221 607 suis-

161 643 381 715 spolisveruut:
406 658 476 696 cum
495 642 615 698 videant
636 659 757 698 causam
778 643 866 698 istam
884 645 924 699 ita
943 645 1080 725 friguisse
1099 646 1130 701 in
1150 644 1214 701 has

141 774 143 779 ·
162 735 380 806 disputatione,
400 753 489 806 quarn
503 737 623 793 Inleroo
638 739 842 792 ardentiorem
857 754 923 793 esse
935 741 1106 794 voluerunt.
1132 738 1215 798 dui·

123 905 126 909 .
162 831 226 887 ficit
252 831 350 893 mihi,
374 833 455 903 qood
480 848 599 888 summa
620 848 717 888 causas
739 832 849 889 cecidit
868 832 897 886 in
923 832 1012 887 felice
1031 832 1149 903 Lipsis,
1180 841 1216 889 et

163 926 298 984 omniurn
310 926 427 996 judicio
445 927 632 996 Indulgentiae
656 927 897 998 clamatoresque
923 942 1026 982 aarum
1051 927 1212 983 ridiculum

164 1021 295 1076 luerunt.
357 1042 360 1055 ·
1081 1069 1084 1073 ,

232 1116 283 1170 De
302 1115 431 1186 primatu
449 1114 593 1168 Romanas
607 1111 868 1170 ecclesiasticisis
887 1125 1036 1171 certatum
1053 1124 1108 1174 est.
1143 1114 1211 1185 Ego

164 1209 326 1282 primatum
351 1206 478 1263 honoris
498 1223 565 1262 ⁴non
585 1208 711 1277 negavi,
735 1225 796 1264 neo
810 1210 968 1280 potestatis
988 1211 1074 1278 dedi,
1104 1211 1214 1268 saltem

159 1305 230 1375 jure
246 1303 369 1369 divino,
386 1301 460 1357 nihil
479 1312 715 1374 repugnaturus,
740 1303 802 1358 imo
824 1313 998 1359 constanter
1014 1305 1212 1361 consessurus

164 1416 203 1454 ac
218 1399 415 1465 defensurus,
433 1397 458 1452 si
477 1398 558 1454 iacto
581 1397 628 1452 vel
639 1399 710 1468 jure
728 1396 862 1453 humano
882 1412 951 1453 eum
970 1397 1090 1454 habeat.
1126 1397 1224 1455 Nihil.

165 1492 364 1549 eninmtnne
392 1507 513 1564 quaero,
543 1508 632 1564 quatu
661 1508 700 1547 ne
728 1509 744 1545 a
772 1508 888 1547 summa
912 1493 983 1548 aede
1009 1494 1037 1546 S.
1067 1491 1151 1549 Petri
1181 1502 1213 1548 et

163 1586 250 1643 Pauli
270 1586 329 1641 ulla
350 1603 438 1643 causa
458 1585 615 1658 quIsquam
634 1587 773 1656 recedat,
793 1596 843 1640 aut
862 1586 1063 1642 obedientiam
1078 1587 1211 1642 debitam

164 1680 334 1737 subtrahat.
373 1680 477 1736 Solum
502 1696 538 1735 ne
560 1689 607 1736 tot
630 1680 660 1735 S.
680 1680 786 1737 Patres
809 1681 840 1736 in
859 1683 937 1736 coslo
958 1691 1134 1750 regnantes,
1159 1682 1210 1752 qui

163 1776 195 1830 ln
214 1775 341 1831 Oriente
367 1777 505 1832 viventes
525 1775 581 1832 sub
607 1776 744 1831 Romana
760 1775 831 1832 sede
851 1792 912 1831 non
933 1775 1054 1830 Iuerunt
1065 1814 1075 1843 ,
1103 1785 1211 1830 contra

161 1869 212 1941 jus
228 1869 360 1928 divisum
383 1872 479 1938 egisse
496 1871 673 1926 concedam.
712 1866 766 1925 Ille
784 1869 970 1939 contrajure
988 1870 1089 1925 divino
1104 1882 1212 1923 utrun-

165 1980 224 2035 que
249 1974 374 2019 conatus
396 1980 548 2031 asserere,
572 1980 644 2018 cum
664 1965 773 2018 multas
796 1965 974 2020 autoritates
996 1963 1121 2019 Petrum
1138 1979 1212 2018 con.

164 2057 306 2111 veheret:
325 2058 479 2113 inventum
499 2059 619 2112 tandem
637 2065 696 2118 eat.
714 2074 767 2113 eos
784 2058 941 2127 ambiguos
956 2069 986 2112 et
1003 2059 1105 2112 varios
1124 2073 1211 2125 esse,

164 2151 195 2205 in
212 2150 342 2204 alteram
359 2151 537 2204 sententiam
558 2150 716 2219 aliquando
734 2151 830 2205 videri
850 2151 1024 2217 inclinasse,
1041 2165 1210 2221 quanquam

163 2258 221 2314 pro
242 2257 291 2296 me
316 2241 469 2297 robustius
491 2251 522 2296 et
540 2242 721 2313 locupletius
741 2243 905 2309 sentirent,
923 2243 1089 2314 presserunt
1109 2241 1159 2295 ubi
1179 2243 1209 2296 id

164 2344 255 2404 agunt
271 2350 311 2388 ex
330 2335 447 2402 animo,
472 2345 506 2389 ut
523 2334 720 2403 Evangelium
737 2336 984 2406 interpretentur.

230 2426 300 2483 Jam
317 2430 387 2485 illud
405 2429 520 2486 Motth.
539 2430 620 2485 XVI.
642 2429 691 2486 To
710 2446 741 2485 es
760 2428 892 2498 Petrus,
916 2431 990 2485 item
1008 2429 1080 2483 illud
1096 2426 1209 2485 Johan.

164 2525 265 2580 Posce
287 2541 355 2579 oves
378 2541 481 2593 meos,
498 2534 554 2580 et:
579 2525 798 2598 despueremus,
831 2524 903 2580 item
931 2523 1021 2579 Lucae
1044 2524 1144 2578 XXII.
1160 2522 1211 2593 ¹¹¹)

168 2620 324 2682 Confirmet
337 2617 466 2686 slotres
492 2627 581 2688 tuos,
612 2632 643 2675 et
666 2619 806 2675 nonnulla
827 2619 925 2674 minus
947 2620 983 2673 ad
1006 2635 1094 2687 rem,
1117 2634 1210 2689 quom

164 2713 248 2784 haec,
266 2715 420 2783 facientia,
438 2730 507 2771 cum
528 2731 590 2768 non
605 2723 763 2783 urgerent:
784 2714 904 2768 tandem
924 2714 1059 2780 confugit
1077 2714 1113 2768 ad
1135 2731 1209 2783 con,

165 2810 269 2865 cilium
293 2809 545 2875 Constantiense,
576 2809 661 2880 plena
684 2808 811 2875 fiducia,
838 2808 919 2878 quod
938 2818 1018 2863 esset
1035 2808 1094 2861 illic
1110 2810 1211 2863 deter.

165 2904 310 2959 minatum
330 2904 538 2973 contrarium,
566 2915 597 2958 et
614 2904 760 2959 sententis
779 2917 845 2955 mea
862 2901 939 2955 inter
959 2902 1101 2956 articulos
1118 2901 1216 2956 Hussi

166 3007 196 3051 st
211 2997 360 3051 Wickleffi
379 2998 524 3053 damnata.
557 2997 615 3053 Hic
639 3007 722 3052 totus
746 2996 922 3050 Immoratus
947 2996 1123 3065 anhelabat,
1146 3014 1209 3067 quo

164 3101 285 3162 poterat
307 3092 442 3147 odiosius
464 3108 588 3148 movere
610 3092 767 3154 invidiam,
793 3090 861 3161 quia
887 3090 964 3144 aliud
991 3108 1052 3145 non
1082 3092 1208 3161 habuit,

165 3202 226 3256 quo
255 3201 311 3240 suo
340 3185 489 3241 fermento
515 3186 648 3258 palparet
670 3184 816 3241 blandius.
857 3184 916 3240 Ubi
939 3185 1017 3240 enlm
1044 3187 1155 3241 defecit
1179 3187 1209 3242 io

160 3280 231 3348 jure
246 3279 364 3346 diuino,
384 3281 519 3335 cucurrit
534 3282 569 3334 ud
582 3280 633 3350 jus
645 3278 825 3345 huminum,
844 3278 1025 3350 probaturus
1038 3296 1092 3349 per
1109 3281 1209 3351 ipsum

160 3374 212 3442 jus
231 3374 380 3429 divinum:
408 3354 506 3445 neque
529 3375 575 3431 sic
596 3385 696 3429 tamen
718 3373 810 3429 rideri
833 3375 988 3445 oportuit,
1020 3389 1085 3447 qua
1108 3385 1208 3431 tantus

166 3466 328 3535 theologus
347 3476 489 3522 tentaret.

234 3561 289 3617 Cui
309 3577 365 3630 ego
386 3563 445 3616 duo
467 3563 595 3617 concilia
613 3563 781 3634 anIIquiora
802 3572 832 3618 et
849 3563 1033 3632 celebriora,
1050 3562 1210 3619 Niconum

167 3663 197 3714 et
213 3655 406 3724 AIrIcauum,
426 3667 531 3711 contra
548 3672 641 3711 unum
660 3659 808 3728 opposui:
835 3658 941 3716 deinde
963 3669 994 3712 et
1013 3659 1111 3729 ipsum
1130 3657 1212 3711 Con.

165 3753 326 3810 stantiense
355 3769 417 3806 non
444 3761 530 3806 recte
558 3752 650 3807 luisse
678 3751 714 3806 ab
744 3753 810 3825 ipso
839 3762 870 3809 et
896 3753 1046 3811 fermento
1070 3752 1211 3824 nequitias

218 4054 252 4101 nr)
280 4051 307 4096 ll.
327 4072 357 4085 -
371 4049 427 4096 Luc.
444 4048 526 4096 XXII.
