2574 4732
159 311 222 378 358
426 316 429 325 '
641 307 732 374 1519.

162 472 293 537 malum,
320 457 527 538 iniquitatem,
543 482 610 521 non
631 465 755 534 effugies
774 477 829 530 ea,
856 479 922 531 qua
942 464 972 520 in
996 460 1124 535 epistola
1141 477 1222 518 mee

161 565 280 635 scripsi.
310 563 413 617 lnveui
435 561 632 630 cogitationes
653 572 739 630 tuas,
758 560 857 616 Ecci?
888 559 1000 634 Quidni
1021 557 1216 614 inventrem?

162 674 233 714 oum
255 659 283 711 in
303 656 360 711 hac
383 656 597 726 expurgatione
620 666 653 711 tu
674 657 738 728 ipse
758 653 907 709 vocabula
927 653 983 709 ista
1000 654 1044 708 sic
1064 653 1218 722 interpre-

162 755 254 817 teris,
288 767 340 820 per
362 768 431 824 'quae
456 750 578 820 Lipsiae,
606 751 656 805 ubi
678 751 815 806 sincerus
844 759 875 804 et
902 759 1023 819 apertus
1049 747 1217 802 veritatem

163 846 338 920 quaerebas,
358 847 445 913 longe
465 845 542 909 aliud
560 846 682 901 occulte
700 844 821 913 intelligi
839 843 962 900 volebat
980 854 1011 898 et
1029 840 1160 897 sinebas.

232 1010 311 1065 Audi
326 992 430 1078 igitur,
450 1007 629 1065 amicissime
645 1008 779 1064 veritatis
796 1017 897 1076 tutor,
915 1006 966 1062 ubi
988 1022 1117 1077 uuquam
1137 1005 1217 1074 legi.

164 1103 222 1172 sti,
241 1118 415 1177 peccatum,
435 1104 555 1168 malum,
575 1102 760 1172 iniquitatem
779 1121 834 1174 pro
852 1121 913 1157 non
928 1102 1087 1157 meritorio
1103 1100 1214 1171 accipi,

163 1199 219 1253 uisi
247 1199 276 1252 in
302 1199 359 1255 tuis
383 1196 549 1263 Pelagianis
569 1197 724 1250 erroribus
746 1197 966 1269 Scripturaeque
993 1195 1219 1266 depravationi.

164 1289 259 1361 bus?,
275 1290 343 1365 Qua
373 1290 542 1361 Scriptura,
571 1305 779 1360 qua·rattone
803 1293 928 1347 niteris?
960 1292 1069 1361 quibus
1099 1289 1220 1346 viribus

164 1368 324 1451 defendes,
342 1368 380 1439 ue
397 1368 575 1447 haereticus,
595 1384 656 1440 hoc
672 1385 896 1453 significationis
905 1386 976 1455 jure
991 1386 1087 1439 fretus
1097 1425 1106 1451 ,
1126 1393 1220 1454 neget

164 1456 320 1549 peccarium
337 1479 368 1536 in
390 1479 551 1546 Scripturis
571 1479 741 1548 contineri,
768 1481 820 1534 setl
841 1481 941 1535 omnia
962 1496 1106 1534 essenon
1126 1480 1223 1551 meri·

166 1576 243 1627 toria
261 1555 452 1645 ¹etintendit?
481 1573 597 1627 Siccine
621 1572 719 1642 illudis
747 1574 839 1628 verba
855 1574 1002 1641 Petrum,
1035 1590 1100 1648 quac
1126 1575 1221 1629 etium

165 1665 327 1748 Scripturas
354 1667 433 1721 soles
465 1665 629 1734 praeterret
663 1665 720 1722 lata
749 1679 795 1723 est
823 1668 971 1735 medulla,
1002 1684 1091 1738 quant
1116 1669 1222 1723 mein

165 1741 255 1816 dictis
276 1759 400 1821 Parrum
419 1760 517 1830 jactas
540 1777 600 1819 non
619 1761 749 1819 videre?
779 1763 828 1818 Sic
854 1751 983 1818 didicisti
1009 1779 1064 1832 pro
1089 1761 1221 1818 veritate

166 1853 342 1924 disputare,
374 1868 404 1911 ut
423 1838 505 1935 aliud¹
524 1872 628 1911 coram
650 1856 822 1933 bominibus
842 1856 996 1928 loquaris,
1015 1866 1045 1910 et
1068 1855 1148 1910 aliud
1169 1873 1223 1926 pe.

166 1927 221 2004 bes
250 1961 279 2002 te
311 1950 477 2017 intelligant
504 1949 582 2004 Vere
601 1963 721 2021 apertus
741 1963 772 2006 et
789 1952 925 2006 sincerus
943 1950 1073 2011 Eccius.
1101 1950 1223 2023 qualem

166 2058 274 2099 omnes
291 2057 424 2121 'neruum
442 2057 532 2114 quam
549 2061 612 2107 non
631 2057 746 2115 quaerat
763 2044 910 2113 glorium,
929 2040 1021 2115 quam'
1035 2058 1150 2114 quaerat
1170 2061 1225 2099 ve.

168 2135 290 2191 ritatem
309 2120 418 2214 pur-e.¹

236 2294 265 2348 0
291 2284 447 2351 maledicta
478 2297 558 2364 dies,
582 2292 616 2352 'in
640 2315 698 2370 qua
721 2306 809 2353 natus
835 2313 902 2354 sum
925 2294 977 2366 (ut
998 2311 1067 2352 cum
1084 2294 1225 2366 Jeremia

167 2386 289 2450 dicant)
309 2389 409 2449 videre
429 2391 458 2443 in
477 2389 629 2460 theologis
648 2403 708 2445 tatn
729 2391 920 2461 impudentes
935 2387 1148 2446 simulationes}
1165 2391 1227 2445 Ni.

167 2481 211 2538 hit
237 2464 345 2535 tnirutn
371 2485 513 2555 proinde,
541 2487 565 2539 si
588 2495 646 2538 tam
664 2485 750 2539 anxie
767 2485 813 2539 vis
838 2485 947 2539 laudari
972 2497 1092 2557 apertus
1113 2497 1143 2538 et
1163 2485 1229 2539 sin.

170 2593 269 2630 cerus.
309 2574 369 2646 Qui
392 2579 470 2631 enim
490 2580 549 2632 isto
568 2581 659 2633 modo
682 2589 803 2650 apertus
825 2595 873 2646 es,
899 2597 987 2651 quem
1009 2581 1158 2651 reliquum
1183 2582 1228 2637 fa.

171 2672 234 2739 cis,
254 2671 303 2741 qni
321 2673 413 2740 tnagis
433 2673 561 2740 indigeat
580 2672 665 2726 laude
687 2673 764 2729 hact
785 2673 943 2742 Obsecro,
963 2675 1082 2728 laudent
1099 2674 1229 2745 Lipsen.

171 2781 223 2820 ses
242 2777 378 2836 apertum
394 2764 537 2822 Ecciutn:
562 2763 680 2821 laudent
701 2783 806 2821 omnes
825 2784 902 2838 quos
917 2768 1036 2837 jactas,
1064 2771 1153 2822 etiam
1173 2786 1229 2825 vo.

176 2858 265 2914 cibus
286 2842 469 2930 Stentoreis,
493 2877 550 2915 nec
575 2860 619 2916 sio
643 2861 714 2916 satis
740 2871 768 2914 te
786 2860 960 2916 laudabunt.
994 2861 1092 2918 Tanta
1111 2871 1230 2918 estne.

173 2966 314 3008 cessitas.

243 3090 326 3164 Quin
350 3102 381 3147 et
405 3111 463 3165 ego
486 3111 555 3148 cum
571 3094 898 3164 Wittembergensibus
922 3096 1075 3150 laudemus
1102 3107 1132 3150 et
1155 3097 1232 3151 dici.

176 3199 260 3239 mus:
288 3188 396 3242 Omnia
415 3205 485 3241 vera
501 3190 609 3244 scribis
628 3200 657 3242 et
676 3190 765 3243 dicis:
784 3189 910 3244 Lutlteri
928 3191 1053 3260 epistola
1071 3191 1233 3247 falsissima

177 3288 245 3343 est,
264 3280 400 3347 injuriam
423 3279 476 3336 tibi
496 3282 583 3352 fecit,
603 3282 666 3350 ipse
684 3283 812 3354 denique
827 3299 892 3338 eam
911 3294 1046 3338 revocat.
1082 3283 1232 3357 Quidvis

177 3372 327 3440 atriplius?
352 3373 421 3426 tlam
449 3376 640 3430 verissimum
667 3388 732 3439 est.
755 3387 835 3432 stare
852 3379 993 3432 meritum
1011 3379 1157 3446 congrui,
1174 3378 1235 3433 Jo-

178 3465 284 3528 hannis
304 3465 382 3520 Huss
400 3469 559 3523 articulum
577 3489 638 3524 non
655 3486 720 3525 esse
737 3470 934 3526 christianum
949 3482 980 3525 et
999 3482 1104 3526 tuum:
1132 3481 1235 3528 sectas

177 3559 433 3614 scholasticorum
451 3563 611 3617 doctorum
631 3582 646 3617 a
670 3578 699 3618 te
719 3582 779 3619 non
799 3567 913 3633 negari:
933 3568 1074 3622 servilem
1092 3567 1236 3619 timorem

179 3655 234 3723 (id
257 3665 320 3722 est,
346 3668 502 3724 peccatum
522 3666 551 3708 et
577 3658 786 3727 iniquitatem)
815 3674 882 3713 esse
903 3658 1019 3714 lniti'utn
1043 3659 1235 3730 poenitentia,

179 3765 271 3818 quarn
292 3750 399 3819 alioqui
420 3751 448 3803 in
471 3751 563 3817 gratia
584 3750 645 3804 lieri
669 3761 808 3822 oportet,
829 3754 896 3823 quia
918 3757 1071 3824 peccando
1096 3755 1146 3821 (id
1169 3765 1238 3816 est.

179 3859 242 3898 uon
266 3843 433 3910 merendo)
452 3855 481 3897 et
503 3843 656 3915 iniquitate
674 3846 724 3908 (id
744 3856 805 3913 est,
830 3864 890 3900 non
909 3860 993 3915 grato
1013 3847 1129 3918 opere)
1160 3849 1240 3901 incl.

180 3939 279 4007 pimus
304 3940 413 3993 mereri
440 3956 473 3992 ac
497 3949 613 4007 gratum
640 3939 750 3994 lacere.
800 3939 922 4007 vicisti,
954 3941 1165 4013 triumphasti:
1197 3941 1240 3996 sit

178 4029 276 4100 glorta
293 4034 457 4099 gloriatum
475 4034 592 4103 Eccio,
612 4035 662 4108 qui
681 4034 823 4104 obtinuit,
840 4035 969 4091 liberum
987 4038 1144 4091 arbitrium
1167 4046 1239 4090 ente
