2574 4732
604 353 694 420 151⁸.
961 398 964 405 ·
1112 358 1172 428 155

44 504 50 514 '
118 512 194 570 Ideo
218 512 391 584 quicunque
410 522 472 567 non
497 511 677 582 crediderit,
705 510 772 581 ient
795 512 947 590 indicetne
977 524 1008 573 et
1029 526 1172 577 mortuus

117 615 184 664 eutr
211 606 303 676 igitur
320 604 436 676 justitie
453 604 527 675 jotti
552 613 582 659 et
603 607 664 661 vite
689 606 754 677 ejue
777 616 824 663 eet
847 606 920 663 fidee
943 609 1018 679 eine.
1061 612 1171 686 Quare

118 709 151 756 et
177 701 279 758 omnir
302 715 394 771 opere
419 699 514 755 fidelis
539 699 608 754 vire
637 709 724 770 eunt,
749 709 782 756 et
811 701 911 756 omnie
935 718 1026 775 opere
1047 705 1175 764 infideiie

118 804 258 862 norme,
276 793 369 863 mele,
387 802 419 848 et
438 791 633 863 demnebriie,
654 794 744 866 juxte
762 794 856 850 iilodt
882 810 944 850 non
960 803 1061 864 potest
1078 798 1173 856 orbor·

116 887 207 943 molo
222 886 354 955 fruetus
378 885 470 943 bonos
492 885 621 953 faeere:
641 884 736 944 orbor·
761 895 886 958 autem,
918 904 984 963 qrere
1007 907 1068 947 non
1085 891 1175 962 feeit

108 981 240 1055 sindus
255 979 363 1069 bonos,
381 981 556 1052 excidetur,
574 987 603 1035 et
619 975 653 1037 in
671 982 773 1057 i9nem
789 984 938 1040 mittetur.
1056 1014 1060 1021 ·

188 1118 345 1190 Secundo,
367 1117 441 1175 fidet
465 1129 565 1174 eutem
589 1126 635 1173 est
654 1117 728 1173 nihii
746 1117 845 1186 eliud,
871 1135 960 1191 quem
980 1119 1071 1190 iliud,
1090 1122 1173 1193 quod

118 1208 207 1270 Deue
226 1213 376 1284 promittit
399 1220 449 1268 eut
469 1213 559 1281 dicit,
577 1213 724 1281 credere,
741 1211 821 1267 sicut
839 1211 931 1270 Rom.
951 1212 1022 1270 1v.:
1041 1214 1171 1273 eredidit

119 1303 283 1365 Abrohom
307 1308 386 1376 Deo,
413 1313 442 1361 et
456 1311 629 1376 reputatum
647 1313 692 1361 eet
707 1305 736 1360 ei
757 1304 976 1376 adjustitiam.
1010 1308 1084 1365 ideo
1102 1325 1174 1365 ver.

117 1399 193 1457 bum
211 1386 244 1456 et¹
256 1400 329 1460 fider
347 1402 519 1458 necessario
535 1401 623 1456 eimul
637 1406 724 1471 eunt,
737 1397 773 1456 'et
789 1401 852 1456 eine
871 1401 968 1458 verbo
986 1403 1173 1476 impoeeibile
1203 1424 1213 1446 ·

119 1505 167 1552 eet
186 1510 252 1553 esee
274 1493 379 1559 iidem.
402 1505 436 1550 ut
457 1495 525 1552 Ieai.
544 1493 627 1550 Lv.:
652 1492 774 1549 verbum
792 1493 874 1569 quod
892 1494 1047 1572 eqrerliiur
1063 1497 1101 1553 de
1117 1513 1174 1555 ore

120 1605 205 1660 meo,
221 1605 284 1647 non
306 1596 475 1646 revertetur·
491 1587 598 1644 adme
615 1603 756 1643 vacuum.
1238 1606 1242 1611 ·

131 1756 134 1761 ·
188 1723 298 1780 Tertio
320 1741 401 1779 nunc
419 1722 608 1794 probantium
635 1729 702 1790 eet,
726 1722 808 1792 quod
829 1737 992 1778 eooeeeuro
1013 1724 1051 1780 ed
1073 1739 1173 1780 secra
1256 1726 1264 1744 ¹

117 1831 255 1874 mentum
277 1817 481 1872 neceesarium
499 1815 538 1873 eit
557 1816 704 1881 credere,
722 1830 789 1871 eeee
807 1815 931 1885 gretiam
951 1819 1117 1890 consequi,
1140 1828 1173 1875 ee

114 1912 147 1968 in
167 1912 230 1966 hoo
254 1926 315 1965 non
338 1908 495 1972 dubitare,
520 1909 573 1963 eod
592 1909 759 1965 certieeitna
779 1909 887 1966 fiducie
903 1910 1077 1982 corridere,
1095 1913 1170 1971 elio.

114 2007 168 2079 qui
187 2006 216 2060 in
230 2005 381 2076 ,htdieiutn
400 2002 528 2058 aceedit.

184 2136 291 2195 Primo
313 2154 368 2209 per
386 2138 458 2195 iliud
479 2135 619 2209 Apostoli
639 2134 712 2194 Ebr.
737 2138 810 2196 XL:
842 2146 961 2208 onor-iet
984 2141 1171 2199 accedentem

113 2231 252 2300 eredere,
271 2226 353 2306 quoii
368 2225 454 2287 Deus
473 2231 535 2301 est,
560 2239 589 2284 et
606 2232 689 2305 quod
700 2232 921 2309 inquirentibus
940 2253 974 2293 se
988 2254 1169 2294 remunera·

112 2320 234 2386 torosi.
280 2326 337 2381 iiio
369 2336 467 2398 petet,
498 2326 581 2397 quod
603 2344 664 2382 non
689 2327 760 2384 iicet
786 2329 942 2400 dubitare,
968 2333 1021 2388 sed
1043 2331 1169 2389 firmiter

115 2419 258 2489 credere,
283 2419 365 2492 quod
388 2421 475 2476 Deue
500 2436 567 2476 sese
590 2418 774 2493 inquirentes
796 2434 980 2480 remuneret.
1029 2424 1121 2501 ¹Quod
1143 2427 1169 2483 ei

115 2523 237 2583 oportet
254 2512 379 2569 credere
401 2526 681 2585 remuneratorem,
701 2515 825 2571 omnino
849 2528 971 2590 oportet
991 2518 1081 2573 etiem
1103 2536 1170 2574 cre.

115 2609 186 2663 dere
210 2607 461 2679 justificatorem,
488 2620 519 2664 et
542 2610 644 2677 gratier
664 2608 838 2678 largitorem
863 2611 892 2679 in
916 2612 1074 2682 praesenti,
1103 2596 1170 2669 sine

116 2719 174 2776 que
192 2703 345 2775 praemium
364 2718 424 2785 noo
445 2702 585 2758 donetur.

188 2835 338 2905 Secundo,
359 2835 563 2891 neceeeeriurn
581 2845 627 2891 eet
642 2835 699 2892 eub
715 2836 849 2907 periculo
869 2845 984 2892 aeterno
1003 2837 1171 2900 damnatio.

119 2932 164 2986 nie
184 2940 215 2985 et
242 2928 357 3000 petenti
380 2928 559 2987 infidelitatit
577 2931 701 2985 eredere
719 2929 768 2985 hie
787 2929 890 2985 verbio
912 2929 1048 2986 Chrieti:
1077 2930 1172 3004 quod·

117 3040 230 3098 cunque
243 3023 369 3079 solveris
388 3038 480 3092 super
495 3029 631 3092 terram,
649 3023 779 3080 solutum
794 3023 854 3078 erit
869 3030 898 3079 et
912 3023 946 3079 io
963 3022 1056 3079 caiis.
1090 3025 1166 3082 ideo

116 3121 142 3174 ei
167 3119 293 3174 eooeriee
318 3120 353 3173 ed
379 3129 601 3173 recrementum
622 3120 824 3190 ponitentiae,
854 3129 885 3173 et
912 3133 973 3173 non
999 3118 1165 3178 crediderit

115 3213 261 3282 firmiter,
285 3223 346 3270 tete
364 3212 581 3268 absolvendum
603 3213 635 3267 in
652 3213 749 3279 ereio,
774 3214 805 3269 in
819 3212 969 3283 judieium
991 3214 1110 3269 accedis
1134 3223 1166 3270 ei

115 3307 441 3379 damnationemque
461 3324 521 3362 non
538 3307 637 3363 credie
659 3306 814 3362 Chrietutn
833 3322 904 3363 rere
924 3301 1053 3363 dixieee:
1071 3307 1166 3382 quod.

114 3417 229 3476 nanque
248 3399 376 3460 nolueris
394 3413 455 3457 eto
473 3412 503 3457 et
524 3403 569 3457 sin
588 3410 637 3456 tue
657 3400 844 3457 dubitatione
862 3400 1019 3458 Christum
1039 3403 1162 3460 mende-

115 3510 184 3557 eem
201 3496 293 3565 iacis,
312 3497 394 3569 qnod
411 3505 458 3553 eet
474 3496 664 3552 horrendum
680 3505 853 3568 peceatum.

183 3616 212 3673 Si
232 3625 332 3673 entem
353 3614 483 3672 dixeris:
503 3614 574 3688 qnid
591 3616 618 3671 ei
635 3616 692 3672 sim
713 3615 850 3685 Indignus
869 3623 900 3671 et
914 3615 1107 3689 iurisperitus
1126 3612 1164 3673 ed

113 3712 362 3768 recrementum?
389 3711 570 3782 Respondet>
590 3719 623 3765 ut
641 3722 752 3781 eopret
782 3725 837 3783 per
858 3709 968 3764 nuiiem
991 3708 1164 3780 diepoeitio.

114 3822 183 3864 nem
206 3805 330 3863 efficeris
352 3807 475 3875 diguus,
493 3821 547 3877 per
564 3806 643 3859 nuiie
659 3821 751 3876 opera
771 3813 857 3877 epioe
876 3804 911 3858 ed
931 3811 1167 3872 entrementum,

113 3900 168 3954 eed
183 3916 236 3970 per
249 3903 344 3957 nolam
363 3899 467 3969 iidem,
494 3899 560 3970 quie
579 3899 645 3955 eoin
663 3899 736 3955 fidee
762 3899 846 3954 verbi
867 3898 980 3957 Christi
1002 3894 1167 3968 justificat,
1227 3950 1239 3963 Ι,

114 3993 284 4062 dignificar,
308 3992 453 4063 vivificat,
479 4003 639 4067 preparet,
668 3994 808 4064 sineque
829 3992 929 4048 omnin
951 3991 1007 4045 elie
1025 3989 1074 4044 vel
1096 3997 1167 4043 eunt

113 4089 352 4167 proerrmtionie,
372 4089 418 4146 rei
440 4087 656 4163 derperetionis
677 4086 785 4149 erudit.
817 4084 925 4146 inertie
944 4084 1023 4140 enirn
1045 4096 1106 4138 non
1127 4094 1166 4141 ex
