2574 4732
587 320 675 391 tris.
1097 308 1154 392 toi
1192 300 1196 343 ³

191 478 282 538 Volui
301 487 400 537 tamen
417 481 497 538 hunc
515 481 607 537 offam
626 479 762 537 cerbero
782 480 899 551 dignum
917 478 1082 539 absorbere
1103 499 1156 554 pr.
1190 488 1192 493 '

113 574 235 632 tinctis:
259 575 313 631 ted
336 575 424 632 amici
451 578 634 646 coegerunt,
657 575 698 630 illi
719 581 754 628 ut
767 575 1007 646 responderem,
1023 576 1077 631 sed
1096 578 1157 649 pri.

112 678 184 725 vate
203 685 303 725 manu.
346 668 529 725 Benedictus
552 668 705 725 Dominus
726 667 838 737 Jesus,
867 668 930 748 imo
955 670 1037 743 solus
1062 670 1155 727 sitin

114 761 234 832 gloria:
263 778 320 818 nos
352 763 462 818 merito
487 763 603 834 operiet
629 760 780 821 contusio.
825 759 949 830 Gaude,
977 763 1018 818 mi
1045 762 1160 841 freter,¹

113 856 228 926 gaude,
252 863 284 910 et
312 872 374 911 non
395 856 440 911 sic
462 856 604 911 terrearis
625 854 662 911 nb
692 855 757 912 istis
786 854 866 912 foliis
898 855 1093 926 volantibus,
1121 855 1157 913 ut'

114 949 242 1006 desistas
269 949 405 1027 docere,
423 949 503 1006 sicut
530 949 666 1023 ooepitti,
695 949 750 1005 scd
776 949 856 1013 siout
882 949 984 1022 palme
1004 948 1034 1016 in
1054 948 1157 1007 eudes

116 1029 265 1099 sdversus
284 1043 483 1115 opprimentia
504 1043 646 1116 pondera.

184 1135 250 1207 Ego
271 1153 333 1208 quo
357 1139 450 1206 magis
472 1135 514 1192 illi
538 1136 659 1206 furunt,
684 1151 721 1191 eo
740 1135 865 1210 amplius
887 1136 1043 1210 procedo:
1070 1136 1160 1194 relin-

114 1245 180 1301 quo
200 1230 319 1300 priore,
338 1241 372 1285 ut
391 1231 421 1286 in
438 1231 495 1292 illis
512 1230 637 1287 latrent:
664 1246 778 1303 sequor
794 1231 984 1304 posteriora,
1012 1238 1092 1286 utet
1111 1230 1160 1288 illa

113 1322 236 1379 latrent.
261 1321 359 1392 Perge
375 1317 522 1393 feliciter,
540 1332 654 1380 tantum
670 1339 723 1380 orn
739 1323 923 1394 Dominum,
941 1328 976 1378 ut
990 1324 1055 1393 ipse
1072 1339 1159 1380 suam

114 1414 253 1486 glorium·
277 1426 445 1488 operetur,
483 1419 593 1491 iistqnc
632 1434 686 1474 sua
718 1417 867 1475 voluntas.
919 1416 1029 1490 Scripsi
1057 1427 1159 1474 nutem

112 1508 252 1569 Domino
275 1510 315 1567 D.
342 1511 525 1585 Hieronymo
552 1512 770 1578 Ochsenisrts,
795 1529 858 1567 non
875 1511 950 1567 mihi
971 1528 1093 1568 errores
1112 1513 1160 1568 vi-

115 1603 200 1674 deri,
217 1621 283 1677 quas
297 1614 331 1661 tu
352 1607 515 1670 asseruisti.
534 1606 587 1662 scd
606 1606 765 1662 veritates:
783 1605 878 1660 videri
898 1605 986 1659 etism
1001 1604 1075 1659 mihi
1091 1592 1163 1662 sust:

113 1699 282 1772 petitiones
301 1717 358 1772 pro
379 1701 496 1770 majore
513 1708 598 1772 parte
618 1711 779 1767 erroneas,
801 1705 897 1752 etms
918 1708 1053 1768 puratum
1076 1690 1166 1767 esse,'

115 1807 174 1849 neo
196 1791 346 1860 diffidere,
372 1801 407 1847 ut
427 1792 569 1847 defendas
591 1799 621 1846 et
640 1802 711 1845 tuos
734 1798 765 1844 et
788 1804 875 1845 meos
894 1805 1024 1848 errores.
1060 1788 1165 1863 Siquid

113 1895 219 1941 sutem
239 1901 281 1940 ex
300 1883 491 1940 scholasticis
510 1883 688 1955 doctoribus
706 1882 906 1955 protulerint,
922 1883 1016 1941 sciret
1037 1898 1071 1940 se
1087 1870 1169 1942 nihii

114 1979 196 2049 apud
213 1992 271 2033 nos
289 1992 397 2047 agere,
414 1978 471 2032 nisi
491 1974 582 2033 verbs
600 1977 738 2049 perdere.
1163 1980 1166 1985 “

186 2069 289 2143 Prope
306 2079 370 2140 est,
388 2079 421 2126 ut
435 2071 554 2144 jurem,
574 2071 688 2127 nullum
712 2078 779 2129 essc'
800 2069 976 2142 theologum
1001 2058 1166 2130 scholasti]

114 2180 209 2234 curn,
233 2163 400 2236 quiunsm
424 2163 588 2235 capitulum
611 2162 766 2234 Evangelii
791 2165 838 2220 rel
852 2164 968 2222 Bibliae'
994 2165 1161 2238 intelliget,

113 2257 283 2332 praesertim
306 2256 502 2328 Lipsensem,
528 2258 589 2312 imo
611 2275 650 2315 ne
669 2259 842 2333 philosophi
867 2260 1039 2317 Aristotells
1067 2276 1161 2316 unum

115 2352 296 2425 capitulumr
325 2353 407 2424 qnod
430 2368 500 2407 cunt
525 2354 620 2424 gloria
637 2368 729 2426 spero
747 2368 796 2408 me
814 2351 1028 2424 probaturum,
1043 2354 1068 2412 si
1088 2368 1161 2410 exn.

115 2444 245 2501 minandi
270 2445 392 2501 daretur
424 2446 548 2503 facultas
561 2460 583 2504 ι·
601 2447 658 2504 nisi
692 2449 721 2504 id
750 2458 796 2505 est
824 2448 1021 2520 Evangelium
1048 2464 1163 2521 nosse,

115 2537 242 2609 ayilsbns
260 2540 476 2610 pronunciare,
495 2550 649 2612 utcunque
668 2550 778 2597 tumen.
816 2540 918 2616 Quare
936 2558 998 2597 uon
1020 2542 1163 2597 timeasu

118 2633 194 2688 tocie
224 2631 419 2700 ignorantie:
444 2634 530 2688 cedst
561 2649 601 2687 ex
630 2633 729 2689 tnimo
762 2632 921 2688 titulorum
952 2633 1001 2689 ille
1037 2633 1162 2702 fragor,

119 2727 278 2781 doctorum
288 2765 298 2794 ,
317 2726 564 2792 universitatum,
584 2715 816 2794 magistrorum:
834 2725 923 2780 larum
943 2725 1023 2780 enim
1044 2733 1115 2780 sunt
1131 2724 1167 2780 et'

118 2819 210 2874 saciet
238 2819 295 2884 (ne
321 2832 448 2893 parens,
473 2833 604 2889 quorum
635 2817 729 2872 corda
760 2815 865 2884 vides)
895 2832 953 2871 neo
985 2816 1164 2876 hominumt

109 2912 224 2996 'saitem
248 2911 337 2967 lsrvae
361 2910 468 2967 sociem
489 2910 641 2966 Dominus
666 2910 774 2964 docent
802 2915 833 2962 et
858 2909 1012 2964 confortet
1039 2918 1079 2966 te.
1128 2909 1164 2965 ln
1278 2982 1285 2991 ἱ

117 3021 180 3077 quo
206 3004 284 3059 bene
308 3005 383 3060 usic.
422 2986 678 3073 'Wittembergsm
705 3002 802 3072 vigilis
823 3001 1070 3060 Annunciationis
1096 3003 1164 3061 Do.

116 3098 252 3165 minioae,
269 3115 345 3155 sono
362 3096 546 3155 MDXVIII.
898 3096 900 3100 ⁴
1162 3104 1166 3111 ’

548 3186 551 3193 '
567 3189 720 3247 Martinus
737 3187 901 3259 Lutherus,
919 3191 1161 3262 Augustinianus.

546 3569 609 3625 ³1:
627 3564 740 3638 Νη.

561 3731 621 3801 N⁰.
643 3731 718 3807 Lx.
845 3806 848 3811 ,

169 3895 221 3970 ⁸11¹
250 3893 343 3979 su.
373 3893 583 3978 &turriti
611 3884 828 3967 ueteranus
848 3891 898 3962 tu
918 3886 1115 3972 tutudisse:

174 4053 234 4103 titur
254 4051 406 4108 tumidus
424 4051 610 4108 decurtatione
630 4049 752 4102 irretire
774 4054 821 4095 usn
838 4049 880 4095 tut
900 4037 972 4102 tutrtt'
984 4040 1081 4095 Μαι
1095 4050 1165 4098 uteru
1250 4046 1259 4068 ·
