<?xml version="1.0" encoding="UTF-8"?>
<!DOCTYPE html PUBLIC "-//W3C//DTD XHTML 1.0 Transitional//EN"
    "http://www.w3.org/TR/xhtml1/DTD/xhtml1-transitional.dtd">
<html xmlns="http://www.w3.org/1999/xhtml" xml:lang="en" lang="en">
 <head>
  <title>
</title>
<meta http-equiv="Content-Type" content="text/html;charset=utf-8" />
  <meta name='ocr-system' content='tesseract 3.04.00' />
  <meta name='ocr-capabilities' content='ocr_page ocr_carea ocr_par ocr_line ocrx_word'/>
</head>
<body>
  <div class='ocr_page' id='page_1' title='image "./briefesendschre04luthgoog/briefesendschre04luthgoog_0150.png"; bbox 0 0 2574 4732; ppageno 0'>
   <div class='ocr_carea' id='block_1_1' title="bbox 538 329 1108 415">
    <p class='ocr_par' dir='ltr' id='par_1_1' title="bbox 538 329 1108 415">
     <span class='ocr_line' id='line_1_1' title="bbox 538 329 1108 415; baseline 0.019 -22"><span class='ocrx_word' id='word_1_1' title='bbox 538 329 627 394; x_wconf 77' lang='lat' dir='ltr'><strong>tris.</strong></span> <span class='ocrx_word' id='word_1_2' title='bbox 972 410 974 415; x_wconf 78' lang='lat'><em>.</em></span> <span class='ocrx_word' id='word_1_3' title='bbox 1048 341 1108 405; x_wconf 80' lang='lat'><strong>113</strong></span> 
     </span>
    </p>
   </div>
   <div class='ocr_carea' id='block_1_2' title="bbox 52 488 1165 2725">
    <p class='ocr_par' dir='ltr' id='par_1_2' title="bbox 52 488 1107 1015">
     <span class='ocr_line' id='line_1_2' title="bbox 52 488 1106 564; baseline 0.009 -17"><span class='ocrx_word' id='word_1_4' title='bbox 52 491 169 564; x_wconf 73' lang='lat' dir='ltr'><strong>peaaim</strong></span> <span class='ocrx_word' id='word_1_5' title='bbox 191 488 409 548; x_wconf 70' lang='lat' dir='ltr'><strong>admirarentur</strong></span> <span class='ocrx_word' id='word_1_6' title='bbox 430 493 462 543; x_wconf 87' lang='lat' dir='ltr'><strong>et</strong></span> <span class='ocrx_word' id='word_1_7' title='bbox 491 494 711 544; x_wconf 85' lang='lat' dir='ltr'><strong>moverentur:</strong></span> <span class='ocrx_word' id='word_1_8' title='bbox 741 488 783 546; x_wconf 78' lang='lat' dir='ltr'><strong>lui</strong></span> <span class='ocrx_word' id='word_1_9' title='bbox 807 494 863 562; x_wconf 70' lang='lat' dir='ltr'><strong>ego</strong></span> <span class='ocrx_word' id='word_1_10' title='bbox 882 509 898 547; x_wconf 87' lang='lat' dir='ltr'><strong>a</strong></span> <span class='ocrx_word' id='word_1_11' title='bbox 917 494 1019 553; x_wconf 82' lang='lat' dir='ltr'><strong>multis</strong></span> <span class='ocrx_word' id='word_1_12' title='bbox 1040 508 1106 555; x_wconf 90' lang='lat' dir='ltr'><strong>tum</strong></span> 
     </span>
     <span class='ocr_line' id='line_1_3' title="bbox 56 581 1105 656; baseline 0.009 -16"><span class='ocrx_word' id='word_1_13' title='bbox 56 582 274 656; x_wconf 66' lang='lat' dir='ltr'><strong>lamilisribus,</strong></span> <span class='ocrx_word' id='word_1_14' title='bbox 303 593 369 637; x_wconf 88' lang='lat' dir='ltr'><strong>tum</strong></span> <span class='ocrx_word' id='word_1_15' title='bbox 398 581 508 650; x_wconf 66' lang='lat' dir='ltr'><strong>ignotis</strong></span> <span class='ocrx_word' id='word_1_16' title='bbox 538 582 634 644; x_wconf 51' lang='lat' dir='ltr'><strong>iacies</strong></span> <span class='ocrx_word' id='word_1_17' title='bbox 667 593 792 651; x_wconf 79' lang='lat' dir='ltr'><strong>rogatus</strong></span> <span class='ocrx_word' id='word_1_18' title='bbox 821 587 923 645; x_wconf 88' lang='lat' dir='ltr'><strong>multis</strong></span> <span class='ocrx_word' id='word_1_19' title='bbox 953 590 1048 648; x_wconf 86' lang='lat' dir='ltr'><strong>literis</strong></span> <span class='ocrx_word' id='word_1_20' title='bbox 1075 605 1105 651; x_wconf 87' lang='lat' dir='ltr'><strong>et</strong></span> 
     </span>
     <span class='ocr_line' id='line_1_4' title="bbox 54 662 1106 758; baseline 0.01 -24"><span class='ocrx_word' id='word_1_21' title='bbox 54 677 240 750; x_wconf 83' lang='lat' dir='ltr'><strong>colloquiis,</strong></span> <span class='ocrx_word' id='word_1_22' title='bbox 274 677 345 748; x_wconf 88' lang='lat' dir='ltr'><strong>quid</strong></span> <span class='ocrx_word' id='word_1_23' title='bbox 370 674 443 729; x_wconf 88' lang='lat' dir='ltr'><strong>mihi</strong></span> <span class='ocrx_word' id='word_1_24' title='bbox 474 674 512 728; x_wconf 89' lang='lat' dir='ltr'><strong>de</strong></span> <span class='ocrx_word' id='word_1_25' title='bbox 541 675 670 729; x_wconf 88' lang='lat' dir='ltr'><strong>istorum</strong></span> <span class='ocrx_word' id='word_1_26' title='bbox 696 662 859 734; x_wconf 74' lang='lat' dir='ltr'><strong>verborum</strong></span> <span class='ocrx_word' id='word_1_27' title='bbox 887 685 1019 741; x_wconf 86' lang='lat' dir='ltr'><strong>novitate</strong></span> <span class='ocrx_word' id='word_1_28' title='bbox 1045 690 1106 758; x_wconf 87' lang='lat' dir='ltr'><strong>(ne</strong></span> 
     </span>
     <span class='ocr_line' id='line_1_5' title="bbox 55 767 1105 843; baseline 0.012 -16"><span class='ocrx_word' id='word_1_29' title='bbox 55 771 157 827; x_wconf 73' lang='lat' dir='ltr'><strong>«licam</strong></span> <span class='ocrx_word' id='word_1_30' title='bbox 173 770 311 834; x_wconf 89' lang='lat' dir='ltr'><strong>licentia)</strong></span> <span class='ocrx_word' id='word_1_31' title='bbox 330 768 493 824; x_wconf 83' lang='lat' dir='ltr'><strong>videretur.</strong></span> <span class='ocrx_word' id='word_1_32' title='bbox 527 767 762 824; x_wconf 86' lang='lat' dir='ltr'><strong>Dissimulabam</strong></span> <span class='ocrx_word' id='word_1_33' title='bbox 782 773 966 843; x_wconf 81' lang='lat' dir='ltr'><strong>aliquandiur</strong></span> <span class='ocrx_word' id='word_1_34' title='bbox 985 784 1105 840; x_wconf 85' lang='lat' dir='ltr'><strong>tandem</strong></span> 
     </span>
     <span class='ocr_line' id='line_1_6' title="bbox 56 860 1107 945; baseline 0.01 -25"><span class='ocrx_word' id='word_1_35' title='bbox 56 864 206 934; x_wconf 72' lang='lat' dir='ltr'><strong>urgebant</strong></span> <span class='ocrx_word' id='word_1_36' title='bbox 224 861 477 935; x_wconf 71' lang='lat' dir='ltr'><strong>disputationibus</strong></span> <span class='ocrx_word' id='word_1_37' title='bbox 503 860 624 918; x_wconf 84' lang='lat' dir='ltr'><strong>acribus</strong></span> <span class='ocrx_word' id='word_1_38' title='bbox 646 876 741 935; x_wconf 83' lang='lat' dir='ltr'><strong>usque</strong></span> <span class='ocrx_word' id='word_1_39' title='bbox 765 866 801 920; x_wconf 90' lang='lat' dir='ltr'><strong>ad</strong></span> <span class='ocrx_word' id='word_1_40' title='bbox 823 869 989 937; x_wconf 88' lang='lat' dir='ltr'><strong>periculum</strong></span> <span class='ocrx_word' id='word_1_41' title='bbox 1010 872 1107 945; x_wconf 85' lang='lat' dir='ltr'><strong>ponti.</strong></span> 
     </span>
     <span class='ocr_line' id='line_1_7' title="bbox 55 956 359 1015; baseline -0.01 0"><span class='ocrx_word' id='word_1_42' title='bbox 55 956 153 1015; x_wconf 76' lang='lat' dir='ltr'><strong>ficalis</strong></span> <span class='ocrx_word' id='word_1_43' title='bbox 172 957 359 1014; x_wconf 79' lang='lat' dir='ltr'><strong>reverentias.</strong></span> 
     </span>
    </p>

    <p class='ocr_par' dir='ltr' id='par_1_3' title="bbox 57 1047 1165 1577">
     <span class='ocr_line' id='line_1_8' title="bbox 124 1047 1108 1122; baseline 0.007 -14"><span class='ocrx_word' id='word_1_44' title='bbox 124 1051 192 1122; x_wconf 76' lang='lat' dir='ltr'><strong>Ego</strong></span> <span class='ocrx_word' id='word_1_45' title='bbox 221 1067 296 1106; x_wconf 82' lang='lat' dir='ltr'><strong>vero</strong></span> <span class='ocrx_word' id='word_1_46' title='bbox 330 1047 402 1122; x_wconf 85' lang='lat' dir='ltr'><strong>quid</strong></span> <span class='ocrx_word' id='word_1_47' title='bbox 427 1050 582 1106; x_wconf 81' lang='lat' dir='ltr'><strong>lacerem?</strong></span> <span class='ocrx_word' id='word_1_48' title='bbox 608 1049 681 1105; x_wconf 90' lang='lat' dir='ltr'><strong>Non</strong></span> <span class='ocrx_word' id='word_1_49' title='bbox 715 1060 781 1106; x_wconf 89' lang='lat' dir='ltr'><strong>erat</strong></span> <span class='ocrx_word' id='word_1_50' title='bbox 810 1067 911 1108; x_wconf 86' lang='lat' dir='ltr'><strong>meam</strong></span> <span class='ocrx_word' id='word_1_51' title='bbox 935 1057 965 1111; x_wconf 93' lang='lat' dir='ltr'><strong>iu</strong></span> <span class='ocrx_word' id='word_1_52' title='bbox 989 1058 1047 1117; x_wconf 79' lang='lat' dir='ltr'><strong>hac</strong></span> <span class='ocrx_word' id='word_1_53' title='bbox 1074 1081 1108 1120; x_wconf 80' lang='lat' dir='ltr'><strong>re</strong></span> 
     </span>
     <span class='ocr_line' id='line_1_9' title="bbox 57 1142 1107 1222; baseline 0.01 -21"><span class='ocrx_word' id='word_1_54' title='bbox 57 1145 222 1219; x_wconf 76' lang='lat' dir='ltr'><strong>quidquem</strong></span> <span class='ocrx_word' id='word_1_55' title='bbox 245 1153 394 1208; x_wconf 67' lang='lat' dir='ltr'><strong>metuere,</strong></span> <span class='ocrx_word' id='word_1_56' title='bbox 418 1153 449 1198; x_wconf 93' lang='lat' dir='ltr'><strong>et</strong></span> <span class='ocrx_word' id='word_1_57' title='bbox 467 1142 595 1200; x_wconf 83' lang='lat' dir='ltr'><strong>verebar</strong></span> <span class='ocrx_word' id='word_1_58' title='bbox 615 1142 673 1199; x_wconf 90' lang='lat' dir='ltr'><strong>illis</strong></span> <span class='ocrx_word' id='word_1_59' title='bbox 698 1147 930 1217; x_wconf 90' lang='lat' dir='ltr'><strong>contradicere,</strong></span> <span class='ocrx_word' id='word_1_60' title='bbox 950 1169 1027 1222; x_wconf 87' lang='lat' dir='ltr'><strong>quos</strong></span> <span class='ocrx_word' id='word_1_61' title='bbox 1046 1172 1107 1214; x_wconf 87' lang='lat' dir='ltr'><strong>non</strong></span> 
     </span>
     <span class='ocr_line' id='line_1_10' title="bbox 57 1238 1108 1311; baseline 0.01 -14"><span class='ocrx_word' id='word_1_62' title='bbox 57 1240 116 1297; x_wconf 83' lang='lat' dir='ltr'><strong>ulai</strong></span> <span class='ocrx_word' id='word_1_63' title='bbox 140 1256 212 1296; x_wconf 85' lang='lat' dir='ltr'><strong>vers</strong></span> <span class='ocrx_word' id='word_1_64' title='bbox 238 1239 413 1311; x_wconf 80' lang='lat' dir='ltr'><strong>praedicasse</strong></span> <span class='ocrx_word' id='word_1_65' title='bbox 429 1239 592 1311; x_wconf 70' lang='lat' dir='ltr'><strong>‘cupiebam</strong></span> <span class='ocrx_word' id='word_1_66' title='bbox 620 1238 715 1294; x_wconf 84' lang='lat' dir='ltr'><strong>videri</strong></span> <span class='ocrx_word' id='word_1_67' title='bbox 746 1254 835 1311; x_wconf 88' lang='lat' dir='ltr'><strong>quam</strong></span> <span class='ocrx_word' id='word_1_68' title='bbox 866 1247 1024 1303; x_wconf 85' lang='lat' dir='ltr'><strong>maxime:</strong></span> <span class='ocrx_word' id='word_1_69' title='bbox 1056 1251 1108 1309; x_wconf 86' lang='lat' dir='ltr'><strong>isti</strong></span> 
     </span>
     <span class='ocr_line' id='line_1_11' title="bbox 58 1326 1165 1402; baseline 0.01 -12"><span class='ocrx_word' id='word_1_70' title='bbox 58 1348 134 1390; x_wconf 80' lang='lat' dir='ltr'><strong>vero</strong></span> <span class='ocrx_word' id='word_1_71' title='bbox 171 1335 215 1390; x_wconf 92' lang='lat' dir='ltr'><strong>sic</strong></span> <span class='ocrx_word' id='word_1_72' title='bbox 243 1333 392 1390; x_wconf 79' lang='lat' dir='ltr'><strong>instabant</strong></span> <span class='ocrx_word' id='word_1_73' title='bbox 420 1333 607 1390; x_wconf 88' lang='lat' dir='ltr'><strong>evidentibus</strong></span> <span class='ocrx_word' id='word_1_74' title='bbox 635 1332 815 1402; x_wconf 71' lang='lat' dir='ltr'><strong>argumentis</strong></span> <span class='ocrx_word' id='word_1_75' title='bbox 830 1372 832 1377; x_wconf 69' lang='lat'><strong>,</strong></span> <span class='ocrx_word' id='word_1_76' title='bbox 849 1336 922 1391; x_wconf 77' lang='lat' dir='ltr'><strong>falsa</strong></span> <span class='ocrx_word' id='word_1_77' title='bbox 952 1350 982 1395; x_wconf 89' lang='lat' dir='ltr'><strong>et</strong></span> <span class='ocrx_word' id='word_1_78' title='bbox 1009 1345 1107 1401; x_wconf 86' lang='lat' dir='ltr'><strong>inania</strong></span> <span class='ocrx_word' id='word_1_79' title='bbox 1162 1326 1165 1353; x_wconf 76' lang='lat'><strong>¹</strong></span> 
     </span>
     <span class='ocr_line' id='line_1_12' title="bbox 59 1426 1105 1511; baseline 0.007 -26"><span class='ocrx_word' id='word_1_80' title='bbox 59 1428 215 1499; x_wconf 71' lang='lat' dir='ltr'><strong>probare,</strong></span> <span class='ocrx_word' id='word_1_81' title='bbox 243 1437 278 1484; x_wconf 87' lang='lat' dir='ltr'><strong>ut</strong></span> <span class='ocrx_word' id='word_1_82' title='bbox 303 1444 353 1484; x_wconf 88' lang='lat' dir='ltr'><strong>me</strong></span> <span class='ocrx_word' id='word_1_83' title='bbox 384 1428 480 1494; x_wconf 83' lang='lat' dir='ltr'><strong>(vera</strong></span> <span class='ocrx_word' id='word_1_84' title='bbox 507 1426 628 1492; x_wconf 75' lang='lat' dir='ltr'><strong>fateor)</strong></span> <span class='ocrx_word' id='word_1_85' title='bbox 654 1428 777 1481; x_wconf 82' lang='lat' dir='ltr'><strong>omnibu</strong></span> <span class='ocrx_word' id='word_1_86' title='bbox 799 1430 984 1499; x_wconf 82' lang='lat' dir='ltr'><strong>captivarent</strong></span> <span class='ocrx_word' id='word_1_87' title='bbox 1014 1446 1105 1511; x_wconf 80' lang='lat' dir='ltr'><strong>atque</strong></span> 
     </span>
     <span class='ocr_line' id='line_1_13' title="bbox 61 1521 288 1577; baseline 0 -1"><span class='ocrx_word' id='word_1_88' title='bbox 61 1521 288 1577; x_wconf 75' lang='lat' dir='ltr'><strong>concluderent.</strong></span> 
     </span>
    </p>

    <p class='ocr_par' dir='ltr' id='par_1_4' title="bbox 59 1614 1110 2617">
     <span class='ocr_line' id='line_1_14' title="bbox 126 1614 1107 1703; baseline 0.007 -33"><span class='ocrx_word' id='word_1_89' title='bbox 126 1614 167 1670; x_wconf 89' lang='lat' dir='ltr'><strong>Ut</strong></span> <span class='ocrx_word' id='word_1_90' title='bbox 191 1622 264 1684; x_wconf 71' lang='lat' dir='ltr'><strong>‘ergo</strong></span> <span class='ocrx_word' id='word_1_91' title='bbox 291 1616 427 1703; x_wconf 68' lang='lat' dir='ltr'><strong>utrisque</strong></span> <span class='ocrx_word' id='word_1_92' title='bbox 455 1615 678 1679; x_wconf 79' lang='lat' dir='ltr'><strong>satisfacerem,</strong></span> <span class='ocrx_word' id='word_1_93' title='bbox 704 1614 803 1668; x_wconf 86' lang='lat' dir='ltr'><strong>visum</strong></span> <span class='ocrx_word' id='word_1_94' title='bbox 829 1625 876 1672; x_wconf 86' lang='lat' dir='ltr'><strong>est</strong></span> <span class='ocrx_word' id='word_1_95' title='bbox 903 1618 932 1673; x_wconf 90' lang='lat' dir='ltr'><strong>id</strong></span> <span class='ocrx_word' id='word_1_96' title='bbox 956 1620 1107 1692; x_wconf 79' lang='lat' dir='ltr'><strong>optimum</strong></span> 
     </span>
     <span class='ocr_line' id='line_1_15' title="bbox 62 1706 1108 1784; baseline 0.011 -21"><span class='ocrx_word' id='word_1_97' title='bbox 62 1707 238 1779; x_wconf 74' lang='lat' dir='ltr'><strong>consilium,</strong></span> <span class='ocrx_word' id='word_1_98' title='bbox 263 1710 400 1779; x_wconf 89' lang='lat' dir='ltr'><strong>utrisque</strong></span> <span class='ocrx_word' id='word_1_99' title='bbox 420 1722 518 1779; x_wconf 88' lang='lat' dir='ltr'><strong>neque</strong></span> <span class='ocrx_word' id='word_1_100' title='bbox 538 1706 713 1761; x_wconf 88' lang='lat' dir='ltr'><strong>consentire</strong></span> <span class='ocrx_word' id='word_1_101' title='bbox 732 1722 830 1778; x_wconf 87' lang='lat' dir='ltr'><strong>neque</strong></span> <span class='ocrx_word' id='word_1_102' title='bbox 853 1709 1028 1784; x_wconf 84' lang='lat' dir='ltr'><strong>dissentire,</strong></span> <span class='ocrx_word' id='word_1_103' title='bbox 1054 1722 1108 1777; x_wconf 89' lang='lat' dir='ltr'><strong>sed</strong></span> 
     </span>
     <span class='ocr_line' id='line_1_16' title="bbox 62 1786 1109 1870; baseline 0.008 -17"><span class='ocrx_word' id='word_1_104' title='bbox 62 1786 174 1856; x_wconf 62' lang='lat' dir='ltr'><strong>iu&#39;terea</strong></span> <span class='ocrx_word' id='word_1_105' title='bbox 192 1798 229 1867; x_wconf 78' lang='lat'><strong>²)</strong></span> <span class='ocrx_word' id='word_1_106' title='bbox 271 1803 308 1856; x_wconf 89' lang='lat' dir='ltr'><strong>de</strong></span> <span class='ocrx_word' id='word_1_107' title='bbox 338 1808 420 1856; x_wconf 88' lang='lat' dir='ltr'><strong>tanta</strong></span> <span class='ocrx_word' id='word_1_108' title='bbox 451 1816 485 1853; x_wconf 89' lang='lat' dir='ltr'><strong>re</strong></span> <span class='ocrx_word' id='word_1_109' title='bbox 512 1800 685 1870; x_wconf 74' lang='lat' dir='ltr'><strong>disputare,</strong></span> <span class='ocrx_word' id='word_1_110' title='bbox 714 1801 812 1854; x_wconf 88' lang='lat' dir='ltr'><strong>donec</strong></span> <span class='ocrx_word' id='word_1_111' title='bbox 838 1801 976 1862; x_wconf 78' lang='lat' dir='ltr'><strong>Ecclesia</strong></span> <span class='ocrx_word' id='word_1_112' title='bbox 1006 1828 1109 1870; x_wconf 66' lang='lat' dir='ltr'><strong>sancia</strong></span> 
     </span>
     <span class='ocr_line' id='line_1_17' title="bbox 61 1891 1110 1975; baseline 0.014 -27"><span class='ocrx_word' id='word_1_113' title='bbox 61 1903 229 1961; x_wconf 88' lang='lat' dir='ltr'><strong>statueret,</strong></span> <span class='ocrx_word' id='word_1_114' title='bbox 257 1893 328 1964; x_wconf 88' lang='lat' dir='ltr'><strong>quid</strong></span> <span class='ocrx_word' id='word_1_115' title='bbox 354 1891 543 1948; x_wconf 84' lang='lat' dir='ltr'><strong>sentiendum</strong></span> <span class='ocrx_word' id='word_1_116' title='bbox 572 1892 663 1947; x_wconf 82' lang='lat' dir='ltr'><strong>foret.</strong></span> <span class='ocrx_word' id='word_1_117' title='bbox 704 1891 809 1965; x_wconf 89' lang='lat' dir='ltr'><strong>ltaque</strong></span> <span class='ocrx_word' id='word_1_118' title='bbox 828 1898 913 1953; x_wconf 88' lang='lat' dir='ltr'><strong>emisi</strong></span> <span class='ocrx_word' id='word_1_119' title='bbox 933 1901 1110 1975; x_wconf 90' lang='lat' dir='ltr'><strong>disputatio.</strong></span> 
     </span>
     <span class='ocr_line' id='line_1_18' title="bbox 59 1983 1108 2068; baseline 0.01 -28"><span class='ocrx_word' id='word_1_120' title='bbox 59 2002 148 2054; x_wconf 89' lang='lat' dir='ltr'><strong>uem,</strong></span> <span class='ocrx_word' id='word_1_121' title='bbox 173 1984 300 2041; x_wconf 79' lang='lat' dir='ltr'><strong>invitans</strong></span> <span class='ocrx_word' id='word_1_122' title='bbox 328 1995 359 2040; x_wconf 88' lang='lat' dir='ltr'><strong>ct</strong></span> <span class='ocrx_word' id='word_1_123' title='bbox 381 2000 490 2054; x_wconf 83' lang='lat' dir='ltr'><strong>rogans</strong></span> <span class='ocrx_word' id='word_1_124' title='bbox 511 1983 630 2057; x_wconf 84' lang='lat' dir='ltr'><strong>publice</strong></span> <span class='ocrx_word' id='word_1_125' title='bbox 654 2001 775 2048; x_wconf 83' lang='lat' dir='ltr'><strong>ornnes,</strong></span> <span class='ocrx_word' id='word_1_126' title='bbox 798 1990 937 2058; x_wconf 86' lang='lat' dir='ltr'><strong>privatim</strong></span> <span class='ocrx_word' id='word_1_127' title='bbox 958 2011 1050 2068; x_wconf 87' lang='lat' dir='ltr'><strong>vero,</strong></span> <span class='ocrx_word' id='word_1_128' title='bbox 1073 2011 1108 2059; x_wconf 78' lang='lat' dir='ltr'><strong>ut</strong></span> 
     </span>
     <span class='ocr_line' id='line_1_19' title="bbox 59 2079 1106 2152; baseline 0.009 -18"><span class='ocrx_word' id='word_1_129' title='bbox 59 2081 151 2148; x_wconf 83' lang='lat' dir='ltr'><strong>novi,</strong></span> <span class='ocrx_word' id='word_1_130' title='bbox 176 2094 312 2151; x_wconf 85' lang='lat' dir='ltr'><strong>quosque</strong></span> <span class='ocrx_word' id='word_1_131' title='bbox 334 2080 545 2147; x_wconf 89' lang='lat' dir='ltr'><strong>doctissimos,</strong></span> <span class='ocrx_word' id='word_1_132' title='bbox 570 2087 604 2133; x_wconf 91' lang='lat' dir='ltr'><strong>ut</strong></span> <span class='ocrx_word' id='word_1_133' title='bbox 620 2079 668 2133; x_wconf 86' lang='lat' dir='ltr'><strong>vel</strong></span> <span class='ocrx_word' id='word_1_134' title='bbox 691 2096 745 2148; x_wconf 88' lang='lat' dir='ltr'><strong>per</strong></span> <span class='ocrx_word' id='word_1_135' title='bbox 763 2081 864 2139; x_wconf 89' lang='lat' dir='ltr'><strong>literas</strong></span> <span class='ocrx_word' id='word_1_136' title='bbox 883 2101 965 2143; x_wconf 84' lang='lat' dir='ltr'><strong>suam</strong></span> <span class='ocrx_word' id='word_1_137' title='bbox 985 2106 1106 2152; x_wconf 74' lang='lat' dir='ltr'><strong>seneen,</strong></span> 
     </span>
     <span class='ocr_line' id='line_1_20' title="bbox 59 2173 1106 2260; baseline 0.014 -32"><span class='ocrx_word' id='word_1_138' title='bbox 59 2174 132 2228; x_wconf 87' lang='lat' dir='ltr'><strong>tiam</strong></span> <span class='ocrx_word' id='word_1_139' title='bbox 155 2174 328 2244; x_wconf 85' lang='lat' dir='ltr'><strong>sperirent:</strong></span> <span class='ocrx_word' id='word_1_140' title='bbox 362 2174 602 2245; x_wconf 87' lang='lat' dir='ltr'><strong>quandoquidem</strong></span> <span class='ocrx_word' id='word_1_141' title='bbox 619 2174 649 2229; x_wconf 90' lang='lat' dir='ltr'><strong>in</strong></span> <span class='ocrx_word' id='word_1_142' title='bbox 669 2173 704 2229; x_wconf 92' lang='lat' dir='ltr'><strong>iis</strong></span> <span class='ocrx_word' id='word_1_143' title='bbox 730 2173 820 2232; x_wconf 85' lang='lat' dir='ltr'><strong>rebus</strong></span> <span class='ocrx_word' id='word_1_144' title='bbox 847 2196 945 2250; x_wconf 86' lang='lat' dir='ltr'><strong>neque</strong></span> <span class='ocrx_word' id='word_1_145' title='bbox 971 2185 1106 2260; x_wconf 79' lang='lat' dir='ltr'><strong>scriptu.</strong></span> 
     </span>
     <span class='ocr_line' id='line_1_21' title="bbox 60 2267 1105 2356; baseline 0.015 -35"><span class='ocrx_word' id='word_1_146' title='bbox 60 2282 128 2336; x_wconf 89' lang='lat' dir='ltr'><strong>ras,</strong></span> <span class='ocrx_word' id='word_1_147' title='bbox 151 2283 250 2339; x_wconf 88' lang='lat' dir='ltr'><strong>neque</strong></span> <span class='ocrx_word' id='word_1_148' title='bbox 274 2267 418 2322; x_wconf 88' lang='lat' dir='ltr'><strong>doctores</strong></span> <span class='ocrx_word' id='word_1_149' title='bbox 446 2267 691 2335; x_wconf 87' lang='lat' dir='ltr'><strong>ecclesiasticos,</strong></span> <span class='ocrx_word' id='word_1_150' title='bbox 722 2283 820 2340; x_wconf 90' lang='lat' dir='ltr'><strong>neque</strong></span> <span class='ocrx_word' id='word_1_151' title='bbox 846 2272 928 2343; x_wconf 89' lang='lat' dir='ltr'><strong>ipsos</strong></span> <span class='ocrx_word' id='word_1_152' title='bbox 956 2296 1105 2356; x_wconf 80' lang='lat' dir='ltr'><strong>canones,</strong></span> 
     </span>
     <span class='ocr_line' id='line_1_22' title="bbox 60 2360 1104 2444; baseline 0.014 -29"><span class='ocrx_word' id='word_1_153' title='bbox 60 2371 168 2430; x_wconf 80' lang='lat' dir='ltr'><strong>preter</strong></span> <span class='ocrx_word' id='word_1_154' title='bbox 189 2376 300 2432; x_wconf 88' lang='lat' dir='ltr'><strong>paucos</strong></span> <span class='ocrx_word' id='word_1_155' title='bbox 324 2360 515 2423; x_wconf 73' lang='lat' dir='ltr'><strong>canonistas,</strong></span> <span class='ocrx_word' id='word_1_156' title='bbox 544 2370 573 2415; x_wconf 88' lang='lat' dir='ltr'><strong>et</strong></span> <span class='ocrx_word' id='word_1_157' title='bbox 595 2362 653 2417; x_wconf 91' lang='lat' dir='ltr'><strong>hos</strong></span> <span class='ocrx_word' id='word_1_158' title='bbox 673 2361 737 2418; x_wconf 87' lang='lat' dir='ltr'><strong>siue</strong></span> <span class='ocrx_word' id='word_1_159' title='bbox 761 2374 848 2420; x_wconf 84' lang='lat' dir='ltr'><strong>textu</strong></span> <span class='ocrx_word' id='word_1_160' title='bbox 869 2369 1047 2444; x_wconf 84' lang='lat' dir='ltr'><strong>loquentes,</strong></span> <span class='ocrx_word' id='word_1_161' title='bbox 1072 2389 1104 2435; x_wconf 83' lang='lat' dir='ltr'><strong>et</strong></span> 
     </span>
     <span class='ocr_line' id='line_1_23' title="bbox 61 2453 1105 2530; baseline 0.015 -22"><span class='ocrx_word' id='word_1_162' title='bbox 61 2454 173 2526; x_wconf 89' lang='lat' dir='ltr'><strong>eliquot</strong></span> <span class='ocrx_word' id='word_1_163' title='bbox 191 2453 390 2510; x_wconf 88' lang='lat' dir='ltr'><strong>scholasticos</strong></span> <span class='ocrx_word' id='word_1_164' title='bbox 410 2455 554 2509; x_wconf 90' lang='lat' dir='ltr'><strong>doctores</strong></span> <span class='ocrx_word' id='word_1_165' title='bbox 574 2456 711 2510; x_wconf 87' lang='lat' dir='ltr'><strong>similiter</strong></span> <span class='ocrx_word' id='word_1_166' title='bbox 729 2459 904 2530; x_wconf 75' lang='lat' dir='ltr'><strong>opinantes,</strong></span> <span class='ocrx_word' id='word_1_167' title='bbox 922 2467 995 2521; x_wconf 90' lang='lat' dir='ltr'><strong>nibil</strong></span> <span class='ocrx_word' id='word_1_168' title='bbox 1014 2473 1105 2528; x_wconf 87' lang='lat' dir='ltr'><strong>eriam</strong></span> 
     </span>
     <span class='ocr_line' id='line_1_24' title="bbox 61 2548 671 2617; baseline 0.003 -16"><span class='ocrx_word' id='word_1_169' title='bbox 61 2548 238 2617; x_wconf 76' lang='lat' dir='ltr'><strong>probantes,</strong></span> <span class='ocrx_word' id='word_1_170' title='bbox 256 2549 411 2617; x_wconf 80' lang='lat' dir='ltr'><strong>suffragari</strong></span> <span class='ocrx_word' id='word_1_171' title='bbox 432 2549 506 2603; x_wconf 87' lang='lat' dir='ltr'><strong>mihi</strong></span> <span class='ocrx_word' id='word_1_172' title='bbox 526 2549 671 2604; x_wconf 84' lang='lat' dir='ltr'><strong>viderem.</strong></span> 
     </span>
    </p>

    <p class='ocr_par' dir='ltr' id='par_1_5' title="bbox 125 2638 1107 2725">
     <span class='ocr_line' id='line_1_25' title="bbox 125 2638 1107 2725; baseline 0.016 -30"><span class='ocrx_word' id='word_1_173' title='bbox 125 2639 206 2696; x_wconf 89' lang='lat' dir='ltr'><strong>Mibi</strong></span> <span class='ocrx_word' id='word_1_174' title='bbox 223 2641 252 2696; x_wconf 90' lang='lat' dir='ltr'><strong>id</strong></span> <span class='ocrx_word' id='word_1_175' title='bbox 272 2656 343 2696; x_wconf 88' lang='lat' dir='ltr'><strong>sane</strong></span> <span class='ocrx_word' id='word_1_176' title='bbox 357 2638 396 2706; x_wconf 83' lang='lat' dir='ltr'><strong>b)</strong></span> <span class='ocrx_word' id='word_1_177' title='bbox 414 2640 547 2694; x_wconf 88' lang='lat' dir='ltr'><strong>omnium</strong></span> <span class='ocrx_word' id='word_1_178' title='bbox 566 2641 813 2704; x_wconf 86' lang='lat' dir='ltr'><strong>absurdissimum</strong></span> <span class='ocrx_word' id='word_1_179' title='bbox 834 2646 970 2717; x_wconf 85' lang='lat' dir='ltr'><strong>videtur,</strong></span> <span class='ocrx_word' id='word_1_180' title='bbox 995 2653 1107 2725; x_wconf 85' lang='lat' dir='ltr'><strong>aliquid</strong></span> 
     </span>
    </p>
   </div>
   <div class='ocr_carea' id='block_1_3' title="bbox 61 2732 1109 3074">
    <p class='ocr_par' dir='ltr' id='par_1_6' title="bbox 61 2732 1109 3074">
     <span class='ocr_line' id='line_1_26' title="bbox 62 2732 1109 2806; baseline 0.016 -17"><span class='ocrx_word' id='word_1_181' title='bbox 62 2735 179 2792; x_wconf 86' lang='lat' dir='ltr'><strong>scilicet</strong></span> <span class='ocrx_word' id='word_1_182' title='bbox 195 2735 225 2790; x_wconf 92' lang='lat' dir='ltr'><strong>in</strong></span> <span class='ocrx_word' id='word_1_183' title='bbox 241 2732 380 2788; x_wconf 86' lang='lat' dir='ltr'><strong>Ecclesia</strong></span> <span class='ocrx_word' id='word_1_184' title='bbox 394 2733 455 2788; x_wconf 92' lang='lat' dir='ltr'><strong>Dei</strong></span> <span class='ocrx_word' id='word_1_185' title='bbox 473 2733 627 2804; x_wconf 82' lang='lat' dir='ltr'><strong>praedicari</strong></span> <span class='ocrx_word' id='word_1_186' title='bbox 649 2745 680 2790; x_wconf 89' lang='lat' dir='ltr'><strong>et</strong></span> <span class='ocrx_word' id='word_1_187' title='bbox 700 2736 812 2803; x_wconf 89' lang='lat' dir='ltr'><strong>audiri,</strong></span> <span class='ocrx_word' id='word_1_188' title='bbox 830 2741 911 2806; x_wconf 89' lang='lat' dir='ltr'><strong>qnod</strong></span> <span class='ocrx_word' id='word_1_189' title='bbox 931 2747 1109 2806; x_wconf 77' lang='lat' dir='ltr'><strong>cumbere.</strong></span> 
     </span>
     <span class='ocr_line' id='line_1_27' title="bbox 61 2812 1104 2901; baseline 0.022 -26"><span class='ocrx_word' id='word_1_190' title='bbox 61 2830 113 2887; x_wconf 67' lang='lat' dir='ltr'><strong>rici</strong></span> <span class='ocrx_word' id='word_1_191' title='bbox 139 2827 416 2901; x_wconf 77' lang='lat' dir='ltr'><strong>expostulaverint,</strong></span> <span class='ocrx_word' id='word_1_192' title='bbox 437 2827 523 2893; x_wconf 39' lang='lat' dir='ltr'><strong>‚unde</strong></span> <span class='ocrx_word' id='word_1_193' title='bbox 542 2829 688 2881; x_wconf 88' lang='lat' dir='ltr'><strong>rationem</strong></span> <span class='ocrx_word' id='word_1_194' title='bbox 709 2830 884 2899; x_wconf 84' lang='lat' dir='ltr'><strong>reddamus,</strong></span> <span class='ocrx_word' id='word_1_195' title='bbox 911 2844 941 2889; x_wconf 89' lang='lat' dir='ltr'><strong>et</strong></span> <span class='ocrx_word' id='word_1_196' title='bbox 962 2851 1019 2892; x_wconf 91' lang='lat' dir='ltr'><strong>nos</strong></span> <span class='ocrx_word' id='word_1_197' title='bbox 1043 2812 1104 2899; x_wconf 78' lang='lat' dir='ltr'><strong>non</strong></span> 
     </span>
     <span class='ocr_line' id='line_1_28' title="bbox 62 2918 1108 2996; baseline 0.036 -39"><span class='ocrx_word' id='word_1_198' title='bbox 62 2923 213 2996; x_wconf 55' lang='lat' dir='ltr'><strong>pumma,</strong></span> <span class='ocrx_word' id='word_1_199' title='bbox 222 2960 233 2989; x_wconf 82' lang='lat'><strong>,</strong></span> <span class='ocrx_word' id='word_1_200' title='bbox 252 2921 406 2976; x_wconf 83' lang='lat' dir='ltr'><strong>christum</strong></span> <span class='ocrx_word' id='word_1_201' title='bbox 421 2928 454 2974; x_wconf 89' lang='lat' dir='ltr'><strong>et</strong></span> <span class='ocrx_word' id='word_1_202' title='bbox 472 2918 642 2976; x_wconf 86' lang='lat' dir='ltr'><strong>Ecclesiam</strong></span> <span class='ocrx_word' id='word_1_203' title='bbox 661 2921 725 2990; x_wconf 85' lang='lat' dir='ltr'><strong>ejus</strong></span> <span class='ocrx_word' id='word_1_204' title='bbox 741 2922 943 2993; x_wconf 86' lang='lat' dir='ltr'><strong>relinquamus</strong></span> <span class='ocrx_word' id='word_1_205' title='bbox 963 2930 1020 2989; x_wconf 85' lang='lat' dir='ltr'><strong>illis</strong></span> <span class='ocrx_word' id='word_1_206' title='bbox 1035 2937 1108 2994; x_wconf 88' lang='lat' dir='ltr'><strong>ridi.</strong></span> 
     </span>
     <span class='ocr_line' id='line_1_29' title="bbox 64 3016 403 3074; baseline -0.015 -1"><span class='ocrx_word' id='word_1_207' title='bbox 64 3018 165 3074; x_wconf 89' lang='lat' dir='ltr'><strong>culum</strong></span> <span class='ocrx_word' id='word_1_208' title='bbox 183 3027 214 3071; x_wconf 87' lang='lat' dir='ltr'><strong>et</strong></span> <span class='ocrx_word' id='word_1_209' title='bbox 231 3016 403 3071; x_wconf 88' lang='lat' dir='ltr'><strong>ludibrium.</strong></span> 
     </span>
    </p>
   </div>
   <div class='ocr_carea' id='block_1_4' title="bbox 61 3107 1106 3745">
    <p class='ocr_par' dir='ltr' id='par_1_7' title="bbox 61 3107 1106 3745">
     <span class='ocr_line' id='line_1_30' title="bbox 127 3107 1105 3191; baseline 0.016 -28"><span class='ocrx_word' id='word_1_210' title='bbox 127 3109 229 3167; x_wconf 88' lang='lat' dir='ltr'><strong>Porro</strong></span> <span class='ocrx_word' id='word_1_211' title='bbox 246 3108 435 3165; x_wconf 87' lang='lat' dir='ltr'><strong>scholasticis</strong></span> <span class='ocrx_word' id='word_1_212' title='bbox 453 3107 631 3163; x_wconf 87' lang='lat' dir='ltr'><strong>doctoribus</strong></span> <span class='ocrx_word' id='word_1_213' title='bbox 651 3114 683 3191; x_wconf 79' lang='lat' dir='ltr'><strong>et</strong></span> <span class='ocrx_word' id='word_1_214' title='bbox 703 3108 866 3167; x_wconf 84' lang='lat' dir='ltr'><strong>canonistis</strong></span> <span class='ocrx_word' id='word_1_215' title='bbox 885 3126 1021 3191; x_wconf 84' lang='lat' dir='ltr'><strong>constat,</strong></span> <span class='ocrx_word' id='word_1_216' title='bbox 1040 3127 1105 3182; x_wconf 85' lang='lat' dir='ltr'><strong>nul.</strong></span> 
     </span>
     <span class='ocr_line' id='line_1_31' title="bbox 61 3202 1106 3288; baseline 0.017 -30"><span class='ocrx_word' id='word_1_217' title='bbox 61 3203 121 3260; x_wconf 79' lang='lat' dir='ltr'><strong>latu</strong></span> <span class='ocrx_word' id='word_1_218' title='bbox 138 3203 241 3260; x_wconf 89' lang='lat' dir='ltr'><strong>deberi</strong></span> <span class='ocrx_word' id='word_1_219' title='bbox 261 3220 277 3257; x_wconf 91' lang='lat' dir='ltr'><strong>a</strong></span> <span class='ocrx_word' id='word_1_220' title='bbox 296 3202 385 3257; x_wconf 88' lang='lat' dir='ltr'><strong>nobis</strong></span> <span class='ocrx_word' id='word_1_221' title='bbox 404 3202 509 3270; x_wconf 85' lang='lat' dir='ltr'><strong>iidem,</strong></span> <span class='ocrx_word' id='word_1_222' title='bbox 527 3203 600 3257; x_wconf 89' lang='lat' dir='ltr'><strong>dum</strong></span> <span class='ocrx_word' id='word_1_223' title='bbox 617 3216 686 3256; x_wconf 82' lang='lat' dir='ltr'><strong>suas</strong></span> <span class='ocrx_word' id='word_1_224' title='bbox 705 3202 866 3274; x_wconf 87' lang='lat' dir='ltr'><strong>opinantur</strong></span> <span class='ocrx_word' id='word_1_225' title='bbox 882 3211 1057 3288; x_wconf 87' lang='lat' dir='ltr'><strong>opiniones,</strong></span> <span class='ocrx_word' id='word_1_226' title='bbox 1074 3230 1106 3279; x_wconf 87' lang='lat' dir='ltr'><strong>et</strong></span> 
     </span>
     <span class='ocr_line' id='line_1_32' title="bbox 63 3295 1105 3372; baseline 0.018 -20"><span class='ocrx_word' id='word_1_227' title='bbox 63 3307 97 3353; x_wconf 89' lang='lat' dir='ltr'><strong>ut</strong></span> <span class='ocrx_word' id='word_1_228' title='bbox 122 3297 214 3366; x_wconf 77' lang='lat' dir='ltr'><strong>vulgo</strong></span> <span class='ocrx_word' id='word_1_229' title='bbox 238 3297 363 3352; x_wconf 87' lang='lat' dir='ltr'><strong>dicitur:</strong></span> <span class='ocrx_word' id='word_1_230' title='bbox 394 3304 480 3366; x_wconf 89' lang='lat' dir='ltr'><strong>turpe</strong></span> <span class='ocrx_word' id='word_1_231' title='bbox 510 3305 556 3350; x_wconf 87' lang='lat' dir='ltr'><strong>est</strong></span> <span class='ocrx_word' id='word_1_232' title='bbox 581 3297 722 3367; x_wconf 84' lang='lat' dir='ltr'><strong>juristam</strong></span> <span class='ocrx_word' id='word_1_233' title='bbox 744 3295 825 3370; x_wconf 88' lang='lat' dir='ltr'><strong>loqui</strong></span> <span class='ocrx_word' id='word_1_234' title='bbox 851 3303 915 3357; x_wconf 88' lang='lat' dir='ltr'><strong>siue</strong></span> <span class='ocrx_word' id='word_1_235' title='bbox 947 3318 1049 3368; x_wconf 86' lang='lat' dir='ltr'><strong>textu:</strong></span> <span class='ocrx_word' id='word_1_236' title='bbox 1074 3326 1105 3372; x_wconf 88' lang='lat' dir='ltr'><strong>et</strong></span> 
     </span>
     <span class='ocr_line' id='line_1_33' title="bbox 63 3383 1104 3464; baseline 0.016 -19"><span class='ocrx_word' id='word_1_237' title='bbox 63 3391 159 3446; x_wconf 88' lang='lat' dir='ltr'><strong>multo</strong></span> <span class='ocrx_word' id='word_1_238' title='bbox 176 3391 293 3463; x_wconf 85' lang='lat' dir='ltr'><strong>turpius</strong></span> <span class='ocrx_word' id='word_1_239' title='bbox 312 3401 376 3452; x_wconf 85' lang='lat' dir='ltr'><strong>est,</strong></span> <span class='ocrx_word' id='word_1_240' title='bbox 404 3383 580 3457; x_wconf 73' lang='lat' dir='ltr'><strong>theologum</strong></span> <span class='ocrx_word' id='word_1_241' title='bbox 597 3390 681 3460; x_wconf 87' lang='lat' dir='ltr'><strong>loqui</strong></span> <span class='ocrx_word' id='word_1_242' title='bbox 701 3391 765 3446; x_wconf 88' lang='lat' dir='ltr'><strong>siue</strong></span> <span class='ocrx_word' id='word_1_243' title='bbox 782 3403 886 3459; x_wconf 82' lang='lat' dir='ltr'><strong>textu,</strong></span> <span class='ocrx_word' id='word_1_244' title='bbox 902 3414 964 3453; x_wconf 89' lang='lat' dir='ltr'><strong>uon</strong></span> <span class='ocrx_word' id='word_1_245' title='bbox 985 3405 1104 3464; x_wconf 76' lang='lat' dir='ltr'><strong>Aristo.</strong></span> 
     </span>
     <span class='ocr_line' id='line_1_34' title="bbox 63 3484 1103 3570; baseline 0.015 -34"><span class='ocrx_word' id='word_1_246' title='bbox 63 3484 131 3541; x_wconf 80' lang='lat' dir='ltr'><strong>telis</strong></span> <span class='ocrx_word' id='word_1_247' title='bbox 158 3485 227 3539; x_wconf 89' lang='lat' dir='ltr'><strong>dieo</strong></span> <span class='ocrx_word' id='word_1_248' title='bbox 255 3485 346 3554; x_wconf 88' lang='lat' dir='ltr'><strong>(nam</strong></span> <span class='ocrx_word' id='word_1_249' title='bbox 365 3484 448 3539; x_wconf 86' lang='lat' dir='ltr'><strong>hunc</strong></span> <span class='ocrx_word' id='word_1_250' title='bbox 465 3484 548 3552; x_wconf 90' lang='lat' dir='ltr'><strong>plus,</strong></span> <span class='ocrx_word' id='word_1_251' title='bbox 570 3485 674 3552; x_wconf 83' lang='lat' dir='ltr'><strong>valde,</strong></span> <span class='ocrx_word' id='word_1_252' title='bbox 698 3485 802 3555; x_wconf 90' lang='lat' dir='ltr'><strong>nimis,</strong></span> <span class='ocrx_word' id='word_1_253' title='bbox 822 3489 893 3545; x_wconf 86' lang='lat' dir='ltr'><strong>setis</strong></span> <span class='ocrx_word' id='word_1_254' title='bbox 915 3492 1103 3570; x_wconf 79' lang='lat' dir='ltr'><strong>loquuntur)</strong></span> 
     </span>
     <span class='ocr_line' id='line_1_35' title="bbox 64 3575 1105 3655; baseline 0.014 -20"><span class='ocrx_word' id='word_1_255' title='bbox 64 3579 116 3635; x_wconf 85' lang='lat' dir='ltr'><strong>sed</strong></span> <span class='ocrx_word' id='word_1_256' title='bbox 130 3587 255 3645; x_wconf 82' lang='lat' dir='ltr'><strong>nostro,</strong></span> <span class='ocrx_word' id='word_1_257' title='bbox 282 3578 313 3633; x_wconf 92' lang='lat' dir='ltr'><strong>id</strong></span> <span class='ocrx_word' id='word_1_258' title='bbox 333 3586 400 3646; x_wconf 85' lang='lat' dir='ltr'><strong>eat,</strong></span> <span class='ocrx_word' id='word_1_259' title='bbox 421 3575 582 3648; x_wconf 79' lang='lat' dir='ltr'><strong>Scriptura</strong></span> <span class='ocrx_word' id='word_1_260' title='bbox 601 3594 712 3650; x_wconf 81' lang='lat' dir='ltr'><strong>sacrae,</strong></span> <span class='ocrx_word' id='word_1_261' title='bbox 735 3597 906 3655; x_wconf 90' lang='lat' dir='ltr'><strong>canonum,</strong></span> <span class='ocrx_word' id='word_1_262' title='bbox 923 3590 1105 3653; x_wconf 64' lang='lat' dir='ltr'><strong>ecclesiastis</strong></span> 
     </span>
     <span class='ocr_line' id='line_1_36' title="bbox 65 3680 321 3745; baseline -0.008 -17"><span class='ocrx_word' id='word_1_263' title='bbox 65 3687 174 3728; x_wconf 87' lang='lat' dir='ltr'><strong>corum</strong></span> <span class='ocrx_word' id='word_1_264' title='bbox 192 3680 321 3745; x_wconf 72' lang='lat' dir='ltr'><strong>patrumr</strong></span> 
     </span>
    </p>
   </div>
   <div class='ocr_carea' id='block_1_5' title="bbox 119 3920 456 4052">
    <p class='ocr_par' dir='ltr' id='par_1_8' title="bbox 119 3920 456 4052">
     <span class='ocr_line' id='line_1_37' title="bbox 120 3920 456 3974; baseline 0.003 -6"><span class='ocrx_word' id='word_1_265' title='bbox 120 3924 150 3971; x_wconf 85' lang='lat' dir='ltr'><strong>a)</strong></span> <span class='ocrx_word' id='word_1_266' title='bbox 176 3920 240 3968; x_wconf 84' lang='lat' dir='ltr'><strong>Vir.</strong></span> <span class='ocrx_word' id='word_1_267' title='bbox 262 3922 276 3974; x_wconf 84' lang='lat' dir='ltr'>J</span> <span class='ocrx_word' id='word_1_268' title='bbox 285 3934 331 3970; x_wconf 81' lang='lat' dir='ltr'><strong>en.</strong></span> <span class='ocrx_word' id='word_1_269' title='bbox 348 3922 456 3969; x_wconf 86' lang='lat' dir='ltr'><strong>interim.</strong></span> 
     </span>
     <span class='ocr_line' id='line_1_38' title="bbox 119 3999 454 4052; baseline 0 -6"><span class='ocrx_word' id='word_1_270' title='bbox 119 4002 151 4050; x_wconf 73' lang='lat' dir='ltr'><strong>b)</strong></span> <span class='ocrx_word' id='word_1_271' title='bbox 178 4000 242 4047; x_wconf 83' lang='lat' dir='ltr'><strong>Vit.</strong></span> <span class='ocrx_word' id='word_1_272' title='bbox 262 4000 326 4052; x_wconf 86' lang='lat' dir='ltr'><strong>Jee.</strong></span> <span class='ocrx_word' id='word_1_273' title='bbox 344 4013 400 4049; x_wconf 83' lang='lat' dir='ltr'><strong>aene</strong></span> <span class='ocrx_word' id='word_1_274' title='bbox 418 3999 454 4049; x_wconf 72' lang='lat' dir='ltr'><strong>ld.</strong></span> 
     </span>
    </p>
   </div>
   <div class='ocr_carea' id='block_1_6' title="bbox 147 4077 269 4163">
    <p class='ocr_par' dir='ltr' id='par_1_9' title="bbox 147 4077 269 4163">
     <span class='ocr_line' id='line_1_39' title="bbox 147 4077 269 4163; baseline -0.066 -9"><span class='ocrx_word' id='word_1_275' title='bbox 147 4079 219 4163; x_wconf 57' lang='lat' dir='ltr'><strong>ili.</strong></span> <span class='ocrx_word' id='word_1_276' title='bbox 241 4077 269 4147; x_wconf 86' lang='lat' dir='ltr'><strong>l.</strong></span> 
     </span>
    </p>
   </div>
   <div class='ocr_carea' id='block_1_7' title="bbox 0 0 1301 4732">
    <p class='ocr_par' dir='ltr' id='par_1_10' title="bbox 0 0 1301 4732">
     <span class='ocr_line' id='line_1_40' title="bbox 0 0 1301 4732; baseline 0 0"><span class='ocrx_word' id='word_1_277' title='bbox 0 0 1301 4732; x_wconf 95' lang='lat' dir='ltr'><strong> </strong></span> 
     </span>
    </p>
   </div>
  </div>
 </body>
</html>
