2574 4732
610 320 701 385 1520.
1119 323 1190 399 503
1265 376 1268 383 «

205 476 246 533 Et
275 477 381 542 faleor,
407 473 466 531 hac
492 474 654 530 occasione
677 493 738 531 non
768 492 872 547 param
889 478 1007 537 venisse
1028 480 1064 535 ad
1090 480 1191 537 lucem

134 571 340 628 Romanarum
367 570 629 641 corruptelarum,
656 570 708 624 sed
730 569 761 623 in
782 586 860 640 qua,
885 572 910 626 ei
935 574 1006 643 quid
1027 583 1188 647 peccatum
1227 604 1231 610 ·

135 676 204 736 est,
227 666 312 721 Eceii
334 665 422 735 culpa
441 673 503 732 est,
532 664 582 735 qui
603 679 680 719 onus
699 679 789 735 supra
809 664 890 719 vires
914 667 1095 738 suscipiens,
1114 671 1188 725 dum

131 760 258 829 gloriam
279 776 364 815 cuam
382 759 496 814 furiose
507 767 632 829 captat,
651 758 843 827 ignominiam
857 757 1025 816 Romanam
1045 764 1075 818 in
1088 771 1186 821 totum

134 854 243 910 orbem
260 853 385 907 revelat.
468 895 480 913 ⁷,

109 1010 111 1015 ¹
199 947 256 1002 llic
275 955 321 1001 eet
339 946 388 1000 ille
406 947 505 1002 hostis
523 955 593 1002 tuus
604 984 615 1014 ,
635 946 677 1002 mi
695 945 778 1010 Leo,
798 962 852 1002 sen
870 946 972 1017 potins
990 945 1087 1002 Curias
1105 957 1162 1005 ann
1175 969 1191 1024 ε7

132 1041 223 1110 hujus
248 1041 335 1095 unius
358 1041 498 1110 exemplo
524 1041 641 1096 discere
667 1056 853 1114 possumus,
881 1057 942 1095 non
970 1056 1036 1096 esse
1059 1040 1186 1099 hostem

132 1136 286 1190 adulatore
303 1134 524 1189 nocentiorem.
560 1133 643 1206 Quid
663 1137 742 1190 enim
758 1150 809 1190 sua
828 1134 997 1190 adulatione
1016 1135 1183 1206 promovit,

129 1229 186 1283 nisi
209 1229 341 1296 malum,
360 1229 441 1299 quod
461 1230 557 1285 nullus
574 1247 679 1298 regum
693 1244 875 1299 promovere
893 1228 1063 1300 potuisset?
1086 1226 1186 1285 Fores

130 1322 209 1376 enim
222 1317 313 1380 hodie
326 1313 474 1392 nomenh)
487 1322 737 1381 Romanas.Curire
750 1321 881 1390 inorbe,
896 1330 928 1376 et
939 1319 1058 1390 languet
1073 1321 1185 1391 papalis

129 1417 293 1484 autoritas,
322 1418 436 1472 famosa
456 1418 573 1472 inscitia
591 1416 669 1472 male
685 1417 786 1483 audit,
813 1432 944 1487 quorum
963 1415 1078 1469 nullum
1100 1415 1183 1471 audi.
1227 1412 1251 1442 ’·

130 1524 232 1565 remus
243 1551 261 1583 ,ι
278 1511 303 1566 si
329 1509 442 1566 Eccius
469 1511 569 1567 Caroli
596 1519 626 1566 et
649 1525 753 1565 meum
779 1510 816 1564 de
841 1525 914 1579 pace
939 1502 1098 1564 consilium
1118 1525 1181 1567 uon

128 1602 296 1659 turbasset:
314 1604 344 1658 id
366 1604 448 1675 quod
466 1620 527 1658 non
548 1604 680 1673 obscure
702 1613 732 1659 et
752 1604 815 1674 ipse
837 1603 948 1671 sentit,
975 1617 1044 1657 sero
1065 1612 1095 1657 et
1116 1603 1180 1658 sru-

127 1705 190 1751 stra
206 1697 374 1768 indignatus
396 1699 426 1753 in
446 1698 617 1753 libellorum
635 1713 774 1753 meorum
791 1697 964 1751 editionem.
1001 1697 1069 1751 Hos
1089 1697 1181 1752 debe.

127 1789 179 1851 bat
194 1801 258 1847 tum
270 1793 422 1861 cogitare,
441 1809 511 1846 cum
532 1802 614 1848 totus
632 1794 661 1848 in
677 1793 823 1862 gloriam,
841 1792 920 1846 sicut
934 1790 1072 1846 hinniens
1089 1792 1179 1847 emis.

125 1884 242 1950 sarius,
269 1886 429 1952 insaniret,
459 1902 556 1956 neque
584 1886 656 1954 alia,
681 1904 770 1958 quam
797 1887 900 1941 suain
926 1894 974 1954 te,
1002 1895 1056 1940 tuo
1077 1895 1179 1942 tamen

126 1978 261 2034 maximo
290 1979 449 2046 periculo,
483 1990 642 2051 quaereret.
683 1979 826 2051 Sperabat
856 1979 951 2035 homo
978 1981 1177 2042 vanissimus,

123 2087 174 2126 me
202 2072 362 2127 formidine
387 2074 517 2129 nominis
544 2075 588 2131 tui
607 2090 765 2130 cessurum
783 2083 815 2129 et
833 2073 997 2128 taciturum
1025 2073 1118 2142 (nam
1139 2075 1177 2129 de
1228 2112 1232 2119 -

124 2165 244 2234 ingenio
267 2175 299 2220 et
320 2167 488 2223 eruditione
511 2185 572 2224 non
596 2170 689 2223 credo
718 2168 800 2238 quod
823 2167 1066 2239 praesumserit):
1094 2184 1176 2223 nunc

122 2275 191 2314 eum
217 2259 311 2317 nimio
339 2277 388 2315 me
413 2262 565 2319 confidere
588 2272 620 2318 et
641 2278 749 2318 sonare
769 2261 886 2330 videat,
914 2278 982 2317 sera
1000 2262 1175 2334 poenitentia

121 2354 299 2411 temeritatis
314 2370 392 2425 sua,
414 2356 551 2426 intelligit
565 2373 634 2413 esse
647 2358 678 2412 in
697 2354 794 2425 coelo,
813 2355 863 2428 qui
884 2355 1023 2429 superbia
1040 2358 1173 2426 resistat,

119 2458 152 2502 et
170 2459 386 2520 praesumentes
403 2452 558 2520 humiliet,
576 2452 601 2508 si
620 2461 720 2507 tamen
738 2450 886 2519 intelligit.
1097 2455 1100 2461 '

187 2541 270 2596 Nihil
292 2544 393 2611 itaque
415 2546 474 2600 hac
491 2547 693 2615 disputatione
717 2543 968 2614 promoventibus
987 2544 1096 2611 nobis,
1115 2542 1173 2599 nisi

118 2633 268 2702 majorem
293 2637 505 2691 confusionem
528 2639 672 2692 Romanae
699 2653 816 2704 causas,
842 2637 907 2705 jam
930 2637 1021 2690 tertio
1044 2635 1171 2692 Carolus

116 2723 261 2781 Miltitius
280 2726 388 2783 Patres
406 2730 519 2784 ordinis
534 2712 888 2800 capituto'congregaros
911 2727 993 2794 adit,
1010 2716 1179 2784 consilium

117 2818 192 2891 petit
209 2821 424 2890 componendae
444 2838 560 2889 causae,
579 2822 718 2892 quaejam
738 2820 988 2876 disturbatissima
1004 2831 1036 2877 et
1052 2822 1171 2893 pericu.

115 2913 265 2969 lusissima
287 2922 378 2971 esset.
405 2915 573 2971 Mittuntur
594 2916 669 2970 hinc
684 2915 720 2970 ad
741 2929 814 2983 me,
839 2930 909 2970 cum
934 2916 1048 2972 viribus
1070 2917 1099 2971 in
1120 2933 1170 2972 ms

117 3007 210 3072 (Deo
233 3008 388 3080 propitio)
412 3025 476 3064 non
501 3009 541 3065 sit
560 3025 629 3080 spes
650 3009 823 3077 grassandi,
851 3008 965 3079 aliquot
984 3009 1169 3069 celebriores

115 3117 156 3177 eat
184 3102 259 3171 illis,
289 3103 339 3173 qui
360 3110 486 3173 petunt,
511 3113 545 3159 ut
569 3105 674 3160 saltem
699 3114 758 3159 tuas
782 3103 980 3158 Beatitudinis
1006 3120 1167 3177 personam

114 3195 282 3260 honorem,
305 3208 335 3252 et
351 3197 447 3252 literis
465 3197 641 3255 humilitatis
659 3196 804 3255 excusem
820 3197 1020 3253 innocentiam
1037 3207 1069 3255 et
1083 3207 1167 3255 tuam

114 3299 145 3342 et
169 3308 284 3347 meam:
312 3307 379 3347 esse
410 3292 509 3349 adhuc
537 3308 604 3377 rem
631 3310 693 3349 non
720 3294 752 3349 in
781 3302 921 3349 extremo
948 3278 1185 3364 desperationis'
1227 3318 1231 3326 ⁸

112 3384 201 3453 loco,
227 3386 252 3439 si
271 3385 337 3441 Leo
354 3387 393 3446 X.
413 3401 469 3458 pro
487 3403 540 3443 sua
561 3388 659 3444 innata
680 3388 814 3469 bpnitate
835 3403 956 3442 manum
975 3390 1165 3447 admoveret·

113 3475 170 3530 Hic
193 3494 266 3546 ego,
284 3479 335 3549 qtd
356 3495 476 3554 semper
497 3497 602 3551 pacem
623 3491 653 3538 et
669 3482 764 3539 obtuli
784 3489 815 3537 et
833 3483 950 3554 optavi,
969 3493 1004 3539 nt
1021 3485 1166 3555 placidio.

112 3572 197 3627 ribus
224 3581 253 3626 et
271 3574 444 3631 utilioribus
465 3577 570 3632 studiis
592 3577 790 3646 inservirem,
818 3592 888 3634 cum
908 3586 940 3632 et
963 3577 994 3631 in
1010 3579 1073 3634 hoc
1097 3577 1164 3650 ipso

111 3675 229 3721 tautum
258 3668 365 3739 spiritu
390 3669 447 3725 sim
474 3671 696 3744 tumultuatus,
722 3682 756 3729 ut
782 3691 863 3744 eos,
889 3690 967 3747 qnos
992 3673 1066 3728 mihi
1096 3673 1164 3726 lou.

113 3762 233 3827 tissime
260 3762 389 3834 impares
412 3780 478 3821 esse
503 3766 659 3834 videbam,
685 3769 891 3838 magnitudine
913 3776 944 3824 et
963 3767 1078 3838 impetu
1099 3773 1162 3821 tam
1213 3798 1218 3805 ·

115 3930 637 3959 ...ῃ-,-

163 4047 194 4097 a>
221 4047 324 4094 dari-l!
343 4049 412 4097 Roma
431 4050 485 4097 cnr.
501 4057 598 4100 namra.
