2574 4732
162 269 224 340 354
644 264 753 336 151ss

217 424 348 479 arianos
371 420 475 479 aetrndt
500 427 570 469 anter
593 422 643 468 baro
664 421 743 471 attat:
770 422 806 469 td
826 421 880 474 lob.
903 417 1000 468 sotum
1022 420 1097 467 Mart.
1119 417 1228 465 lutheri

161 516 272 574 Epistola
296 526 367 570 super
389 511 566 569 expurgatione
589 509 700 558 Eeoiana.
720 509 744 558 4.
774 509 848 558 mann
866 508 906 559 bnt
930 507 1109 555 aurifaber
1128 507 1149 553 1.
1176 506 1233 569 198.»

163 603 263 663 vireo
288 603 310 648 l.
324 599 376 646 353.
395 601 461 651 Jen.
479 598 490 644 1
513 597 564 645 358.
582 594 703 646 tildtr
724 596 771 642 111.
787 593 840 644 805.
863 593 962 648 §brutio
981 594 1021 648 oto
1042 591 1144 648 istaut
1164 593 1227 640 xv.

164 688 225 734 asts
252 685 308 733 asir
327 667 401 738 notin
417 685 460 730 ten
475 684 545 735 olm
563 679 640 732 mouet
656 681 794 736 reatinen.

358 838 526 893 Moenus
543 835 699 892 auarus
713 833 852 918 seaeant
869 835 964 891 aceto
982 835 1015 889 s.

607 985 781 1043 Jesus

158 1113 237 1206 -Vix
259 1149 381 1218 credas,
416 1159 529 1221 quanto
557 1149 667 1204 levaris
690 1164 784 1204 onere
802 1165 868 1219 ,cqr
893 1163 1019 1210 meum,
1054 1147 1097 1201 mi
1128 1145 1225 1213 licei.

134 1256 136 1262 ·
166 1261 318 1318 quamque
344 1243 487 1313 perplexa
510 1258 559 1298 me
580 1242 709 1300 solveris
729 1259 801 1297 cura
827 1243 885 1297 hac
909 1252 960 1298 tua
985 1243 1228 1314 expurgatione,

135 1394 142 1413 .,
166 1341 207 1396 ita
220 1348 276 1407 ut,
302 1338 328 1392 si
352 1353 484 1407 unquam
506 1337 580 1392 mibi
601 1336 772 1407 profueris,
798 1354 879 1392 nunc
903 1338 1033 1392 maxime
1059 1337 1227 1405 profueris.

165 1433 274 1504 Neque
297 1431 372 1485 mihi
394 1431 502 1485 videor
520 1430 677 1501 scripsisse
698 1428 834 1502 aliquid,
874 1433 955 1502 quod
975 1433 1069 1498 magis
1092 1431 1228 1486 cesserit

167 1525 392 1591 assentantis,
419 1541 509 1597 quam
530 1524 656 1595 epistola
673 1525 710 1579 de
731 1523 851 1596 Lipsica
878 1525 1098 1596 disputatione,
1132 1506 1226 1594 quam

167 1629 201 1676 tu
221 1619 335 1689 magnis
356 1619 598 1674 criminationum
620 1621 779 1676 cataractis
799 1636 835 1674 ac
857 1629 1004 1692 perpetuo
1026 1618 1109 1672 velut
1130 1619 1227 1672 male.

167 1715 318 1770 dictorum
335 1714 449 1768 diluvio
462 1714 673 1785 persequeris,
691 1730 761 1769 cum
776 1713 824 1769 illa
839 1713 960 1769 interim
974 1712 1052 1768 sicut
1069 1728 1139 1766 arca
1152 1711 1226 1767 Noe

167 1808 241 1865 mihi
265 1823 357 1879 super
380 1809 480 1864 omnia
502 1821 603 1864 natare
629 1808 789 1865 videatur:
815 1809 888 1863 lecit
910 1807 985 1875 illa,
1010 1806 1091 1877 quod
1115 1806 1222 1861 volui:

168 1903 307 1971 invenit,
339 1906 419 1974 quod
442 1904 589 1973 quaesivi:
620 1903 720 1959 fecisti
743 1911 773 1956 et
801 1912 857 1970 tu,
890 1902 969 1972 quod
990 1899 1119 1970 speravi.

240 1996 382 2063 Miraris,
400 1999 479 2050 unde
495 1996 557 2050 boc
573 1997 727 2051 luxurians
740 1997 927 2067 tripudium?
944 1995 1033 2049 Audi.
1058 1993 1228 2063 Hucusque

169 2092 277 2146 misera
301 2103 329 2144 et
359 2091 490 2158 inquieta
518 2099 647 2147 vexatus
667 2105 735 2146 sum
758 2089 962 2151 conscientia,
989 2096 1140 2158 praecepto
1162 2086 1228 2141 Dei
1250 2116 1253 2121 Δ

169 2180 304 2245 confixa,
323 2195 384 2246 quo
401 2196 462 2234 non
479 2180 588 2235 licebat
604 2180 698 2235 libere
718 2183 755 2235 de
776 2191 806 2235 te
831 2181 944 2236 sentire
961 2192 989 2233 et
1010 2179 1129 2242 dicere,
1157 2197 1230 2249 quae

169 2282 216 2328 tot
240 2271 424 2337 argumentis
447 2271 519 2326 mihi
539 2271 758 2340 movebantur,
786 2282 832 2328 tot
851 2272 989 2326 virorum
1012 2270 1230 2335 integerrimo.

154 2380 237 2424 ,rum
253 2363 428 2418 testimonio
446 2362 657 2420 firmabantur:
683 2375 744 2420 tarn
762 2364 858 2418 valide
878 2364 951 2418 mihi
973 2361 1126 2426 obstabat,
1146 2378 1229 2430 prae.

171 2459 275 2514 sertim
294 2458 323 2511 in
342 2457 480 2527 publico,
498 2459 613 2530 species
626 2458 675 2511 illa
695 2467 746 2511 tua
764 2468 794 2512 et
816 2457 968 2512 simulatio
989 2455 1229 2527 speciosissima,

160 2569 231 2624 ,qua
252 2553 380 2605 amicum
398 2551 541 2613 Lutheri‚
563 2543 697 2606 veiitatis
720 2553 872 2607 sincerum
897 2560 926 2605 et
950 2561 1085 2621 apertum
1110 2563 1230 2606 arneto.

173 2663 258 2708 rem,
285 2656 315 2698 te
334 2645 443 2717 passim
464 2645 647 2701 venditabas.
683 2649 725 2700 At
746 2647 823 2700 bone
840 2646 949 2700 habet:
969 2645 1147 2716 expurgatio
1164 2654 1228 2715 tua,

172 2742 257 2798 velut
277 2742 409 2795 medium
433 2740 612 2806 comicum,
639 2741 695 2796 has
718 2758 823 2796 omnes
848 2740 951 2795 turbas
974 2740 1094 2810 dispulit
1122 2755 1156 2792 ac
1179 2755 1228 2794 se.

174 2837 275 2903 davit,
300 2853 358 2905 qua
383 2835 540 2896 omnibus,
569 2835 663 2905 qualis
693 2836 785 2891 fueris
813 2846 843 2890 et
864 2836 926 2902 sis,
957 2835 1052 2905 palam
1081 2835 1227 2890 ostendis.

173 2928 218 2984 Ea
235 2947 306 2986 sane
326 2931 472 3000 paucula,
491 2946 555 3000 quae
572 2946 628 2983 ceu
646 2933 826 2999 perizomata
841 2932 1001 2997 contexis,
1028 2928 1136 2997 quibus
1159 2944 1228 2982 mo.

174 3022 299 3078 destlam
318 3023 555 3094 charitatemque
570 3024 657 3077 etiam
675 3024 995 3094 cumjuramentotibi
1009 3022 1137 3089 affingiS,
1156 3021 1228 3074 talia

175 3131 262 3182 sunt,
289 3128 321 3171 ut
345 3117 587 3171 criminationum
609 3119 786 3172 tumultibus
802 3131 830 3170 et
851 3117 1077 3187 tempestatibus
1098 3114 1227 3182 collata,

176 3211 322 3280 quendam
344 3210 502 3263 ridiculum
523 3211 724 3266 struthionem
748 3213 879 3266 referant
935 3211 1029 3279 Hujus
1057 3208 1135 3262 enim
1164 3207 1230 3261 ani.

175 3306 284 3358 mantis
303 3319 367 3357 earn
388 3306 489 3359 ferunt
506 3321 572 3358 esse
590 3307 760 3369 stultitiam,
781 3317 814 3359 ut
831 3321 863 3359 se
883 3313 976 3359 totam
994 3304 1096 3356 credat
1112 3310 1230 3355 tectam

177 3411 263 3462 esse,
282 3397 305 3450 si
322 3411 379 3448 una
396 3399 501 3451 fronde
518 3400 629 3452 collum
647 3401 774 3454 texerit:
794 3402 833 3453 ita
852 3409 883 3452 et
903 3410 934 3452 tu
952 3408 1035 3452 totus
1053 3397 1228 3451 criminatio

176 3499 208 3544 et
227 3490 407 3559 impatientia
432 3507 493 3543 uno
519 3504 547 3544 et
573 3493 667 3546 altero
685 3489 719 3560 ²)
745 3493 840 3547 verbo
867 3503 897 3546 te
913 3494 1049 3546 rotundas
1070 3491 1230 3545 modestiae

179 3594 209 3642 et
225 3584 380 3640 charitatis
397 3592 552 3654 exemplar·
568 3590 723 3658 proponis.
750 3581 860 3641 Verum
875 3588 939 3641 haec
957 3595 1042 3648 eant,
1066 3601 1124 3656 quo
1140 3593 1230 3638 eunt.

247 3680 292 3733 Ad
315 3679 363 3744 id,
382 3681 462 3746 quod
482 3679 575 3746 tnagis
590 3684 743 3749 detestor,
761 3683 935 3749 veniemus,
955 3681 1062 3746 idest,
1081 3679 1115 3732 ad
1133 3677 1232 3732 simu.

177 3774 320 3830 lationem
333 3787 423 3838 tuam,
443 3790 480 3826 ne
501 3774 602 3827 videar
618 3788 646 3829 te
660 3779 777 3847 penitus
788 3776 1001 3832 contemsisse:
1021 3786 1111 3847 atque
1127 3772 1231 3829 dilatis

232 4014 262 4064 a)
291 4007 396 4055 vitel.
414 4006 478 4060 tatto
493 4007 551 4054 alto.
