2574 4732
165 312 226 388 296
645 308 737 379 1519.

165 468 380 545 Sciroltsticos⁸
402 473 583 540 pugnantem
613 484 670 538 pro
693 464 886 523 Scholasticis
908 466 1068 538 amplecti,
1090 464 1219 525 eundem

164 579 271 621 rursus
296 580 352 633 pro
379 564 573 618 Scholasticis
598 564 712 618 eisdem
733 564 760 616 in
782 564 886 615 endem
904 578 937 620 re
958 562 1125 630 repudiare.
1166 561 1217 618 Sic

163 652 259 714 iubes
280 656 458 724 victoriam,
489 672 547 727 qna
571 658 716 724 gloriatur
735 654 870 722 Eccita,
898 656 1102 727 gloriatusque
1126 672 1216 712 suum

164 750 369 818 fermentum,
397 752 479 822 quod
500 751 615 826 negatis
643 749 707 804 tere
731 748 871 804 omnibus
898 750 1088 805 scholasticis
1109 751 1219 806 docto.

163 843 278 912 rrius,
307 860 386 916 quos
405 845 548 907 tutandos
567 851 783 915 susceperant,
810 859 881 897 cunt
901 841 1123 898 Ecclesiasticie
1144 858 1219 905 nee.

165 939 309 996 sentiunt.
461 986 464 991 .
744 984 751 991 .

234 1031 290 1086 Sed
311 1039 343 1086 et
358 1046 415 1093 noe
429 1029 662 1101 Wittembergat
680 1028 867 1101 sciebamus,
890 1029 1091 1087 scholasticos
1108 1031 1217 1086 docto.

163 1139 239 1195 res,
254 1125 279 1192 ai
297 1122 367 1181 cum
383 1123 518 1209 tenebris
536 1124 617 1187 atde,
638 1125 749 1192 idest,
773 1123 884 1180 lumine
902 1136 1032 1194 nature,
1049 1126 1217 1180 meandum

78 1224 80 1229 '
164 1216 311 1304 Eccittnt,
333 1217 516 1284 Aristotele,
539 1226 707 1287 negentur,
723 1233 816 1298 posse
833 1217 997 1274 convenire
1020 1234 1090 1273 cum
1110 1216 1218 1273 Eccie.

164 1307 303 1370 aluminis·
347 1308 462 1367 Verum
485 1310 565 1366 neoc
592 1311 727 1380 negandi·
743 1313 892 1368 rationem
918 1323 948 1366 et
972 1312 1218 1383 pernegationent

163 1402 372 1463 concordandi
406 1402 637 1473 Wittetnbergaa
668 1404 865 1479 ignorantes«,
899 1405 1008 1479 Lipsiae
1041 1405 1216 1474 didicimus,

164 1513 256 1582 quatu
277 1507 308 1554 et
330 1495 385 1554 tini
406 1506 436 1553 et
458 1497 614 1567 omnibus,
641 1499 692 1571 qui
713 1496 841 1568 volunt,
866 1515 939 1555 ecce
970 1499 1098 1554 libenter
1132 1516 1221 1555 soma

80 1615 86 1622 ·
164 1607 288 1659 tunneto
310 1591 450 1648 iacimus·
492 1591 648 1660 Primum,
673 1594 760 1648 utin
782 1595 913 1649 exordio
936 1594 1145 1664 disputationis
1166 1596 1217 1647 aii.

160 1685 252 1758 cujus
270 1685 351 1741 dicta
368 1685 491 1745 fortiter
508 1685 686 1759 impugnes,
703 1695 888 1758 protestatus
908 1688 996 1742 etiam
1011 1704 1065 1759 per
1083 1688 1219 1759 publicas

162 1776 311 1854 schedas,
336 1788 368 1835 te
391 1789 499 1837 contn
521 1795 632 1837 novam
655 1782 823 1838 doctrinam
854 1799 912 1854 pro
937 1783 1063 1838 veritate
1089 1781 1156 1837 fidei
1186 1791 1217 1837 et

110 1876 112 1883 '
165 1871 286 1931 honore
316 1873 347 1930 S.
373 1874 519 1932 Ecclesia
542 1886 769 1946 pugnaturum,
799 1877 840 1931 ita
867 1886 900 1932 ut
925 1887 1044 1933 montes
1067 1879 1216 1947 parturire

78 2027 81 2031 ,
165 1978 331 2041 putentur:
358 1979 458 2024 tamen
482 1970 513 2025 in
541 1971 662 2038 negotio
688 1971 799 2027 sensim
818 1979 849 2025 et
869 1965 997 2027 subdole
1020 1970 1151 2040 cedens,
1177 1987 1216 2026 ne

164 2043 236 2131 'quis
260 2070 292 2116 te
314 2061 429 2117 uictum
450 2064 576 2132 sentiet,
605 2064 685 2118 idem
706 2072 882 2119 constanter
900 2063 1047 2131 affirmes,
1075 2074 1105 2118 et
1128 2065 1217 2120 simui

164 2153 276 2210 vicisse
297 2153 446 2222 glorieris.
491 2155 612 2210 Deinde
639 2156 734 2210 multa
759 2155 937 2210 confidentia
967 2155 1135 2225 lingendum
1162 2158 1216 2211 tibi

163 2253 231 2312 eat,
256 2230 370 2299 nullutn
393 2260 517 2313 eorum,
544 2249 594 2318 qui
617 2249 743 2314 adsunt,
767 2247 880 2302 habere
899 2246 947 2302 uei
965 2248 1140 2301 memoriam
1166 2250 1214 2301 vei

140 2399 143 2405 ,
162 2353 288 2394 sensum
305 2354 516 2412 communem,
542 2350 576 2395 ut
594 2341 688 2396 iibere
708 2356 800 2411 queas
817 2341 937 2407 dicere,
961 2350 992 2395 te
1010 2340 1048 2394 ab
1070 2340 1154 2394 initio
1171 2340 1211 2394 ita

161 2432 310 2499 sensisse,
331 2442 363 2488 et
380 2432 459 2488 hanc
480 2450 542 2489 non
561 2451 688 2504 novam,
705 2436 758 2490 sed
784 2445 918 2490 veterem
940 2451 1007 2491 esse
1028 2436 1215 2501 doctrinam,

163 2525 239 2581 nihil
261 2536 396 2583 moratus
420 2529 560 2596 interim,
587 2530 612 2585 si
633 2531 768 2585 amiseris
797 2539 895 2584 totum
914 2530 1082 2584 exercitum
1108 2528 1216 2582 docto.

163 2636 256 2690 rum,
276 2637 356 2693 quos
382 2623 543 2678 defendere
568 2640 778 2697 proposueras.
826 2625 927 2694 Atque
951 2623 1002 2678 hic
1029 2624 1148 2695 quidem
1170 2630 1216 2677 est

164 2715 275 2771 modus
294 2726 324 2771 et
339 2726 465 2772 eventus
484 2717 734 2773 Carolostadianae
752 2727 782 2772 et
799 2715 936 2772 Ecoianas
954 2717 1172 2789 disputationis.

233 2809 390 2869 Posthac
411 2804 533 2867 mecum
549 2828 729 2881 congressus
749 2822 795 2867 eet
817 2812 854 2865 de
873 2814 1000 2878 primatu
1021 2810 1112 2869 Rom.
1135 2810 1217 2893 P.⁰¹¹·

163 2902 273 2974 tidem,
299 2905 336 2959 de
362 2905 555 2976 purgatorio,
589 2906 625 2961 de
646 2905 852 2974 indulgentiis,
886 2907 924 2961 de
952 2905 1140 2977 prendenda,
1178 2905 1216 2957 de

165 3007 318 3072 potestate
342 3000 515 3056 absoluendi
539 3000 699 3070 cujuslibet
717 2999 894 3055 sacerdotis.
929 2998 964 3054 In
988 2999 1096 3070 quibus
1120 2998 1217 3052 omni.

165 3092 223 3151 bus
246 3093 316 3164 quid
329 3095 520 3162 fecerimus,
543 3110 599 3149 suo
621 3094 772 3149 videbitur
794 3093 859 3148 die:
886 3107 954 3146 nam
971 3093 1008 3146 de
1028 3107 1076 3147 me
1098 3092 1218 3162 parcius

167 3187 242 3243 mihi
265 3188 422 3243 dicendum
440 3197 502 3257 est,
529 3205 567 3243 ne
582 3188 654 3243 mihi
673 3202 771 3259 praeco
790 3184 873 3240 fiam:
900 3185 1020 3241 interim
1041 3186 1103 3241 hoc
1126 3185 1195 3240 dico
1206 3223 1217 3253 ,

165 3281 249 3352 quod
269 3280 306 3335 de
323 3282 494 3351 poeniteotia
511 3292 542 3337 et
559 3282 734 3354 purgatorio
750 3280 813 3352 ipae
831 3296 913 3350 paene
928 3281 1052 3348 ignoro,
1073 3290 1219 3350 quantum

169 3374 409 3430 dissenserimus.
445 3374 524 3431 Nam
540 3375 744 3447 poenitentiam
762 3374 895 3444 incipere
916 3373 952 3427 ab
969 3388 1072 3427 amore
1082 3373 1218 3442 Justitiae,

167 3467 315 3524 laudabile
341 3468 461 3540 quidem
488 3485 572 3529 esse.
599 3469 651 3525 sed
674 3485 735 3523 non
756 3469 960 3524 necessarium
987 3468 1102 3524 voluitt
1135 3467 1219 3538 quod

169 3576 227 3631 ego
245 3561 370 3617 omnino
393 3562 597 3617 necessarium
617 3579 720 3618 assero
741 3578 836 3633 usque
851 3563 967 3631 adhuc,
985 3578 1055 3618 cunt
1070 3571 1138 3616 ante
1150 3576 1220 3629 gra.

168 3656 242 3712 tiam
260 3651 350 3727 (que
370 3664 417 3711 est
435 3655 589 3721 charitas)
607 3673 668 3711 non
687 3656 781 3728 possit
800 3655 863 3710 fieri
881 3656 975 3711 nilum
992 3672 1068 3728 opus
1085 3655 1218 3720 bonum,

170 3758 205 3806 ut
230 3751 357 3822 ipsemet
380 3757 582 3807 concesserat.
618 3750 714 3807 Causa
736 3748 848 3805 dissidii
866 3749 939 3805 mihi
960 3751 1022 3807 visa
1040 3759 1103 3818 cst,
1134 3750 1219 3821 quod

171 3842 221 3907 iiie
241 3846 341 3900 multis
356 3846 566 3910 autoritatibus
581 3846 726 3911 inductis,
745 3844 948 3914 poenitentiam
966 3862 983 3899 a
1002 3845 1109 3900 timore
1128 3842 1221 3899 etiam

172 3939 275 3994 servili
296 3939 384 4012 incipi
402 3940 611 4007 contenderit,
629 3939 675 3993 vel
696 3939 835 4006 ignorans
850 3937 897 3993 vel
913 3938 1117 4008 dissimulans,
1136 3937 1221 4008 quod

173 4032 293 4095 servilis
314 4035 405 4098 timor
429 4034 458 4090 in
478 4034 537 4090 huc
564 4035 623 4090 vita
641 4050 705 4099 non
723 4033 841 4106 penitus
864 4032 988 4091 tollitur·
1033 4033 1106 4090 Ideo
1127 4031 1220 4090 etiam
