2574 4732
566 338 655 407 rste.
916 306 920 319 ’
1069 342 1128 409 357

86 500 185 565 queat.
220 491 311 548 Belial
332 490 410 546 anim
429 491 554 548 Christo
573 511 633 549 non
654 495 809 563 congruit,
828 513 884 553 neo
902 496 1032 554 tenebrae
1055 500 1127 567 luci,

85 589 155 657 quin
172 588 272 659 potius
290 596 447 658 peccatum
463 591 563 657 gratiae
577 589 610 651 8)
629 590 814 643 adversatur.
850 591 975 659 Omnia,
996 596 1127 664 iuquam,

84 679 150 736 haec
170 698 241 736 vera
260 683 391 750 tunt‚ei
410 682 635 737 Caroloatadius
655 697 745 736 verus
764 690 831 749 est,
857 684 1016 742 utsEociae
1035 689 1136 745 dedita

84 773 221 847 Quodsi
240 785 291 842 tu,
312 775 353 828 mi
377 775 467 840 Enni,
487 776 572 829 aliam
591 775 683 830 iratres
702 776 944 844 grammaticam,
964 780 1129 836 sicut-trare

83 871 170 924 aliam
186 886 305 940 semper
322 868 416 923 babes
434 869 639 926 dialecticam,
665 879 700 924 ut
720 870 837 928 victus,
864 871 976 940 victor,
1001 875 1129 948 veritas,
1193 911 1194 915 κ

83 980 189 1031 error,
207 963 363 1037 breviter,¹
375 979 424 1016 res
442 971 473 1016 et
491 964 636 1017 vocabule
656 963 709 1018 tibi
728 964 764 1017 ad
785 963 925 1032 placitum
944 982 1025 1019 novo
1046 965 1132 1023 Mer·

84 1056 172 1111 curio
190 1057 337 1112 serviente
364 1056 455 1111 debes
475 1057 563 1112 nobis
582 1073 648 1112 esse
670 1056 838 1126 propitius,
858 1075 914 1112 nec
934 1074 1010 1126 aegre
1031 1060 1131 1129 ferra,

83 1151 109 1205 si
128 1158 233 1204 nostra
253 1161 387 1218 utamur,
406 1151 523 1220 quando
544 1153 743 1220 permittimus
761 1165 791 1208 te
809 1154 851 1209 uti
870 1164 930 1208 tna.
955 1153 1000 1207 Ita
1019 1152 1132 1208 hucus.

86 1259 145 1316 que
163 1244 245 1315 eapui
266 1254 296 1298 et
316 1247 410 1315 capio.
1037 1251 1042 1263 '

154 1338 211 1392 Sed
234 1338 316 1404 scio,
343 1338 413 1409 quid
435 1338 486 1393 hic
505 1339 631 1409 cogites.
650 1341 708 1395 'At
729 1343 789 1397 noli
812 1342 951 1409 interim,
978 1342 1019 1397 mi
1037 1341 1130 1411 Ecci,

84 1433 206 1503 rumpi:
230 1447 305 1487 mox
323 1425 453 1498 adaros)
473 1433 705 1501 cogitationibus
724 1437 803 1498 tuis,
824 1437 886 1492 hoo
905 1438 1035 1508 primurn
1055 1433 1130 1508 praass

85 1527 175 1589 tatus,
203 1526 284 1596 quod
306 1527 466 1580 caetarade
486 1527 780 1582 activitatalibarum
799 1526 999 1594 arbitriumtt')
1027 1540 1057 1584 et
1074 1530 1131 1584 etia
1206 1565 1209 1570 -

82 1621 235 1691 quadam,
260 1620 291 1674 in
313 1619 423 1690 quibua
443 1629 558 1674 tanturn
584 1622 753 1691 perdidistis
775 1632 910 1693 ternpus,
930 1623 1043 1677 leviora
1065 1623 1130 1691 lum
1201 1611 1207 1633 ¹

82 1723 168 1772 runt,
187 1729 277 1785 quem
293 1724 327 1768 ut
345 1714 578 1784 disputationem
600 1713 822 1783 theologicam,
847 1715 1012 1787 praesertim
1038 1704 1129 1771 talem

82 1817 275 1873 astantem,
303 1815 506 1860 mererentur.
547 1807 944 1864 Sufficttdesttmmainter
972 1825 1028 1864 nos
1055 1825 1130 1865 con·

81 1903 219 1968 venisse,
238 1898 366 1954 liberum
385 1899 543 1955 arbitrium
560 1899 674 1956 bonum
688 1900 758 1956 Deo
776 1911 808 1961 at
821 1903 921 1971 gratiae
935 1875 991 1958 acii
1008 1901 1132 2017 deberi,

80 1993 146 2049 sine
165 2009 224 2064 qua
241 2009 302 2047 non
320 1993 414 2062 possit
434 1993 488 2047 nisi
509 2009 646 2064 peccare.

150 2085 280 2161 Quando
305 2096 405 2142 autem
432 2095 465 2141 to
488 2104 578 2156 negas
603 2089 670 2158 illa,
699 2104 764 2161 quaa
783 2090 890 2157 intuli,
915 2098 946 2145 et
955 2083 1128 2168 mendacia

80 2182 207 2248 asseris,
226 2181 287 2236 duo
307 2182 424 2249 cogito:
449 2190 501 2234 aut
518 2192 549 2235 ta
565 2182 692 2237 subdola
711 2185 810 2239 omnia
828 2184 935 2254 Lipsiae
954 2183 1070 2253 egisse,
1097 2193 1128 2238 et

80 2275 303 2331 odiosissimum
321 2275 527 2331 simulatorem
549 2277 640 2332 tuisse
660 2277 689 2331 in
709 2277 842 2333 veritatis
868 2278 1050 2348 perniciem,
1078 2285 1129 2332 aut

79 2379 110 2424 tc
137 2386 203 2426 ease
229 2371 338 2442 quovis
361 2377 472 2425 trunco
503 2370 711 2443 stupidiorem.
759 2374 859 2442 Atque
884 2371 935 2426 hio
961 2371 1042 2426 forte
1070 2370 1128 2425 erit

79 2462 185 2530 dignus
203 2463 321 2518 vindice
339 2465 447 2521 nodus.
483 2464 639 2534 stupidum
660 2472 690 2518 te
708 2464 780 2520 nolo
800 2465 921 2532 dicere,
942 2465 993 2534 qtti
1012 2472 1129 2518 tantum

52 2564 58 2572 '
80 2556 154 2609 mihi
173 2556 242 2609 satis
261 2557 393 2629 credaris
411 2556 524 2611 habere
543 2557 711 2635 acuminis,
741 2569 775 2610 ut
797 2555 956 2627 peccatum
974 2571 1044 2609 cum
1062 2570 1129 2623 gra.
1213 2556 1216 2565 '

80 2649 121 2704 tia
140 2647 309 2702 immediate
327 2663 459 2718 pugnare
477 2649 644 2717 intelligas,
661 2650 740 2703 sicut
758 2649 858 2702 lucem
877 2655 907 2702 et
927 2636 1078 2717 tenebras.

148 2741 309 2812 Reliquum
334 2750 398 2807 eet,
424 2750 454 2793 te
478 2757 532 2809 per
563 2751 741 2810 paccatum,
767 2741 904 2801 malum,
942 2739 1129 2810 iniquitatem

80 2836 208 2892 subdola
232 2833 416 2889 intellexisse
438 2848 535 2902 neque
558 2841 733 2904 peccatum,
757 2848 855 2902 neque
875 2832 1005 2900 malum,
1031 2848 1129 2902 neque

49 2978 52 2985 .
79 2932 285 3001 iniquitatem,
311 2927 394 3000 quod
421 2924 512 2980 verba
540 2934 666 2992 sonant,
689 2926 760 2992 sed,
788 2925 869 2994 quod
888 2934 921 2980 tn
942 2923 1071 2992 tinxisti,
1099 2925 1129 2981 id

80 3035 143 3094 eet,
162 3041 223 3079 nou
241 3023 449 3088 meritorium,
471 3036 585 3074 novum
603 3019 721 3072 scilicet
736 3016 942 3086 vocabulum,
961 3028 1050 3087 atquc
1066 3019 1129 3071 Au.

78 3121 230 3190 guatinum
256 3128 286 3172 et
304 3115 499 3170 Ambrosium
521 3111 719 3168 Caroloatadii
738 3096 773 3177 ¹¹)
795 3111 838 3166 aio
857 3111 1026 3180 accepisse:
1055 3111 1129 3166 libe.

78 3230 146 3268 rum
165 3212 322 3266 arbitrium
341 3219 409 3262 ante
430 3207 555 3276 gretiam
576 3222 638 3261 non
654 3206 755 3273 prater,
787 3205 843 3260 niai
866 3205 902 3259 ad
924 3207 1128 3276 peccandum,

79 3307 108 3361 id
127 3315 188 3373 est,
206 3306 242 3359 ad
261 3320 321 3358 non
340 3304 533 3367 merendum,
564 3309 594 3354 et
612 3299 740 3357 liberum
758 3300 915 3354 arbitrium
936 3310 1018 3354 tanto
1038 3301 1127 3366 citius

79 3399 258 3470 propinquat
276 3396 440 3468 iniquitati,
469 3395 583 3461 idest,
611 3411 673 3449 non
690 3394 867 3460 meritorio,
887 3404 999 3464 quanto
1018 3395 1128 3450 fortius

73 3492 240 3549 intenderit
265 3491 387 3547 actioni.
431 3487 517 3556 Nisi,
551 3489 692 3559 inquam.
725 3488 766 3544 ita
793 3488 923 3557 accipias
950 3499 1128 3558 paccatum,

131 3809 161 3857 a)
189 3805 216 3849 tt.
232 3798 298 3854 tetstlr
314 3799 397 3856 gratia.

131 3879 158 3934 t)
185 3884 212 3928 t·
228 3881 256 3930 4
270 3888 302 3927 tt.

128 3965 160 4015 g)
188 3955 305 4011 matriti.
321 3956 390 4005 liberi
406 3956 511 4004 arbitrii.

131 4039 164 4089 tt)
193 4035 218 4083 s.
232 4034 323 4087 Μία
340 4033 448 4088 ttttdtttt
463 4034 519 4081 titt:
540 4033 583 4082 itas
597 4035 657 4081 duas
671 4031 860 4091 propositiones.
