2574 4732
168 322 208 389 10
648 318 737 389 ista

167 478 324 536 reverendi
345 474 446 538 Patris
459 477 571 539 vicarii
589 482 665 538 mibi
681 478 885 538 celebrabitur
901 481 966 538 auis
987 482 1168 542 cathedralis
1185 486 1218 544 in

165 574 337 642 theologia,
356 574 437 630 siout
457 576 551 631 eredo
571 590 612 631 ex
630 575 726 633 literis
740 575 899 632 reverendi
917 574 1017 633 Patris
1034 580 1131 635 nostri
1149 578 1221 636 Pri.

165 669 230 724 oris
247 667 534 738 Wittembergensis
555 668 672 725 abunde
689 669 854 740 intelligere
868 668 1068 728 Pstemitates
1085 682 1218 730 vestras.

167 762 287 818 Omitto
303 779 401 819 meam
420 763 480 818 mei
498 763 592 836 ipsius
611 764 835 821 recusationem
851 781 886 820 se
903 764 1161 836 insufficientiam,
1178 778 1218 825 ns

165 856 256 911 etism
282 872 322 913 ex
345 855 514 913 bumilitate
533 857 705 931 superbiam
724 866 775 912 snt
795 856 915 913 laudern
937 872 1072 930 quaerere
1090 857 1218 919 videar:

164 948 252 1005 Deus
278 951 357 1020 seit,
383 951 441 1007 scit
462 959 493 1006 et
513 952 698 1008 conscientia
716 968 804 1019 men,
831 966 921 1024 quam
946 951 1052 1022 dignus
1072 961 1104 1009 et
1125 969 1218 1028 qnam

165 1053 269 1113 gratus
288 1045 401 1100 adhoc
422 1053 576 1100 ostentum
597 1045 699 1114 gioriae
715 1054 747 1100 et
766 1044 895 1101 honoris
914 1046 982 1103 sim.

218 1137 353 1194 Proinde
370 1138 501 1193 obsecro
520 1153 574 1210 per
590 1139 830 1195 misericordiam
848 1137 982 1209 Christi,
999 1140 1131 1214 primum
1146 1150 1216 1200 sote

164 1232 284 1298 omnia,
301 1242 335 1286 nt
352 1247 400 1285 me
418 1231 631 1292 communibus
647 1231 796 1303 suffragiis
816 1233 887 1289 Deo
904 1236 1119 1290 commendare
1138 1235 1216 1292 veii-

161 1327 224 1394 tis,
247 1326 326 1382 sieut
346 1323 416 1396 jure
444 1324 600 1381 eharitatis
625 1341 713 1382 meos
742 1327 773 1382 in
793 1327 853 1383 hae
875 1335 960 1398 parte
981 1326 1136 1385 debitores
1156 1344 1215 1387 vos

161 1433 231 1476 esse
255 1418 359 1488 scitis,
378 1426 413 1474 ut
430 1419 470 1476 sit
488 1435 609 1476 mecum
627 1420 768 1478 voluntas
789 1423 854 1493 ejus
873 1420 1060 1494 beneplacita
1076 1432 1107 1479 et
1123 1422 1217 1480 bene.

161 1514 269 1570 diota:
301 1513 424 1580 deinde,
454 1517 478 1572 ei
507 1531 566 1587 qus
589 1516 807 1573 commoditate
828 1514 893 1572 fieri
913 1526 1032 1590 potest,
1060 1518 1163 1574 adesse
1184 1526 1218 1575 et

164 1607 313 1665 interesse
330 1609 404 1664 huic
423 1625 539 1682 pompae
557 1626 631 1666 meu
646 1612 705 1682 (ut
724 1626 832 1667 verum
848 1608 943 1669 fatear
950 1609 966 1678 )
982 1627 1039 1683 pro
1060 1612 1173 1670 desere
1186 1623 1217 1670 et

164 1701 285 1758 honore
316 1704 468 1774 religionis
490 1715 521 1761 et
549 1707 699 1779 praecipue
719 1706 882 1763 vicariatus
902 1705 1016 1771 nostri.
1044 1705 1216 1777 dignemini.

163 1793 238 1851 Non
257 1798 399 1854 auderem
416 1815 473 1869 ego
490 1797 690 1857 Paternitetes
709 1810 825 1856 vestras
843 1799 995 1857 sotioitsre
1019 1799 1056 1856 sd
1074 1801 1147 1856 tanti
1167 1800 1216 1857 iti.

162 1893 244 1947 neris
267 1893 437 1948 molestiam
457 1911 491 1949 se
510 1910 711 1967 expensarum
725 1895 892 1958 fusionem,
919 1890 976 1951 ui‘si
992 1894 1060 1966 quis
1077 1904 1108 1950 et
1128 1911 1215 1951 rere.
1263 1886 1267 1890 ’

164 1987 361 2042 rendissirnus
381 1987 474 2043 Pater
488 1986 626 2043 vicarius
646 1989 685 2042 ita
702 1989 871 2057 commisit,
890 1997 920 2044 et
938 1990 1008 2059 quia
1026 1988 1214 2058 indecorum,

164 2080 317 2148 indignum
340 2096 516 2151 quoquere
538 2081 747 2137 seandsiosum
769 2083 867 2136 visum
897 2081 973 2148 tuit,
997 2082 1087 2150 vobis
1107 2081 1218 2139 Erfur-

164 2173 306 2228 densibus
328 2172 536 2242 ignorantibus
561 2189 597 2229 su
620 2189 682 2228 nou
702 2175 839 2243 vocatis,
868 2190 918 2228 me
939 2175 1109 2230 adtentum
1130 2176 1216 2233 fasti.

116 2336 120 2341 .
163 2267 246 2337 gium
267 2268 441 2322 ascendere.
1149 2257 1155 2265 ⁴

231 2359 324 2433 Quod
349 2362 374 2416 si
393 2360 572 2417 venerabilis
590 2358 683 2418 Pater
699 2360 815 2417 Lector
841 2360 993 2436 Georqius
1014 2358 1135 2432 Lerffer
1159 2381 1216 2419 vo.

162 2453 282 2509 biscum
303 2465 354 2509 aut
379 2455 452 2511 velit
475 2464 527 2510 aut
542 2454 639 2528 possit
657 2457 782 2526 venire,
812 2464 930 2524 gratum
955 2465 1126 2529 quoquest
1149 2457 1214 2513 hoe

162 2549 260 2622 ipsum
283 2548 382 2604 toret:
414 2550 461 2607 sin
485 2558 586 2605 autern
611 2559 670 2606 eto.
696 2548 747 2604 fiat
772 2549 911 2606 voluntas
933 2548 1070 2607 Domini.
1105 2550 1141 2605 In
1164 2551 1214 2610 his

92 2674 96 2680 ·
161 2642 252 2711 igitur
271 2642 471 2699 Paternitotes
495 2650 603 2700 vestrae
623 2658 689 2700 sese
710 2642 892 2708 exhibeant,
912 2659 990 2712 oro,
1016 2643 1118 2714 quales
1139 2660 1215 2699 eon.

159 2735 278 2795 fidimus
302 2747 333 2792 et
352 2737 503 2794 confidere
530 2739 652 2809 dignum
674 2745 730 2796 est.
763 2734 947 2793 Notabimus
967 2747 998 2793 et
1017 2738 1214 2819 memoriast

162 2812 342 2901 gratitudine
359 2831 538 2905 obsequium
556 2843 702 2891 vestrum.
738 2830 820 2890 Bene
835 2833 865 2887 in
876 2831 1013 2887 Domino
1029 2829 1126 2886 valete
1142 2848 1213 2888 cum

161 2925 302 2983 omnibus
327 2938 359 2983 et
386 2929 509 2997 singulis
529 2930 657 2991 vestris,
687 2929 750 2984 imo
772 2927 886 2985 nostris
913 2924 1074 2982 iratribus:
1103 2925 1212 2999 quibua

161 3036 219 3075 nos
241 3029 425 3092 nostrosque
445 3023 475 3077 in
497 3023 667 3079 orationem
685 3019 1048 3077 commendamentum
1068 3019 1213 3077 Wittsm.

159 3111 281 3182 berge,
298 3115 345 3169 ne
365 3115 396 3180 s,
413 3096 569 3174 stauratii,
588 3130 665 3169 anno
682 3113 823 3169 Μυκη.

570 3206 604 3264 F·
622 3205 776 3264 Martinus
792 3205 948 3264 Luthsrus
963 3207 1210 3278 Augusuoimus

160 3455 233 3507 ntntt
252 3467 278 3510 tu
298 3456 392 3509 riantur
415 3456 456 3510 itit
475 3458 545 3511 ttrite
559 3456 630 3510 titini
644 3426 682 3506 iai
696 3457 725 3511 s.
743 3458 924 3517 nstitutum
949 3459 1211 3518 statuminetur

119 3544 121 3553 ’
160 3537 259 3587 uuttrrt
274 3536 362 3593 scibat
378 3539 409 3587 tn
426 3538 523 3608 urim
538 3548 576 3587 am
592 3540 626 3587 ta.
640 3537 736 3589 ortatu
751 3536 856 3594 (tutta.

539 3802 844 3828 ⁴⁴*-
