2574 4732
107 310 170 375 3³0
592 303 683 376 1519.

108 480 229 539 semper
251 462 365 518 veritus
390 459 452 529 lui,
476 461 594 518 verium
617 463 745 519 eliorum
762 462 926 532 judicium:
947 461 1011 520 aliia
1031 463 1161 535 impius,

109 562 173 616 eliis
190 559 340 624 mordax,
359 556 423 614 aliis
442 571 517 610 vene
536 557 704 624 gloriosus,
729 556 792 612 aliis
809 557 887 614 aliud
905 558 988 614 visus
1006 558 1069 627 lui,
1093 575 1161 628 quae

108 669 177 712 sore
203 649 373 707 communis
400 659 446 705 est
474 650 504 704 in
524 649 646 721 publico
665 649 878 707 sedideantibus
899 653 952 718 <ut
972 650 1064 721 vulgo
1084 651 1161 707 diei:

109 749 182 815 tur)
202 747 277 802 etin
297 743 454 816 publicum
475 744 690 801 scribentibus.
731 744 795 800 Tot
810 745 971 816 magistros
988 746 1053 801 lere
1075 745 1161 800 inve.

109 843 180 911 nio,
206 849 281 912 quot
298 839 433 895 lectores
441 878 450 906 ,
476 848 566 909 utque
586 840 615 893 id
638 839 744 908 gratis,
771 855 901 909 quorum
923 839 1003 894 leliei
1021 838 1158 908 auspicio

110 948 143 992 et
160 937 272 1002 ductu,
291 951 327 989 ne
344 935 481 1005 pertinax
497 950 595 987 essem
614 944 644 988 et
663 935 823 989 hereticus
843 933 964 1002 fierem,
982 933 1160 988 discendum

111 1031 186 1086 mihi
210 1030 284 1097 tuit,
308 1029 457 1083 neminem
480 1029 600 1097 grunius
624 1027 797 1098 delinquere
820 1043 927 1099 posse,
954 1042 1048 1097 ¹quarn
1070 1040 1159 1093 euru,

112 1127 164 1199 qui
192 1122 230 1179 de
254 1121 446 1194 opinionibus
468 1121 625 1175 hominurn
648 1122 780 1188 dubitet,
805 1135 855 1177 ιιιιι
872 1120 1040 1193 disputandi
1058 1119 1161 1176 studio

113 1218 292 1285 reluctatur,
310 1217 425 1271 etiamsi
446 1216 566 1269 iuterim
586 1213 743 1270 christine
759 1222 792 1272 et
807 1215 921 1272 Christi
934 1214 1021 1270 fidem
1033 1213 1162 1283 negarit,

113 1311 176 1368 hoo
194 1321 258 1377 eet,
276 1309 389 1381 puerile
408 1310 478 1380 quid
499 1308 617 1364 luserit·

183 1403 254 1476 Qus
272 1403 301 1458 io
325 1417 377 1472 re,
402 1419 472 1458 euni
491 1418 589 1458 essem
614 1404 774 1473 Augustae,
804 1402 938 1474 patiebar
966 1402 1038 1457 satie
1061 1408 1162 1473 peter.

113 1509 186 1557 num
208 1505 240 1554 et
264 1497 427 1568 benignum
452 1498 665 1567 pedagogum,
694 1499 774 1554 sieut
793 1497 887 1554 scitis.
932 1497 1031 1567 Atque
1049 1495 1163 1552 horum

113 1595 254 1652 virorum*
271 1592 541 1648 illustrissimorum
559 1591 756 1647 illustrissima
773 1590 1028 1646 administratione
1047 1591 1162 1645 luctum

115 1697 161 1743 est
172 1726 184 1758 ,
196 1698 231 1742 ut
248 1703 327 1742 nova
341 1687 390 1742 illa
408 1695 438 1741 et
454 1686 625 1742 admiranda
642 1695 747 1756 regnet
762 1684 885 1741 libertas
904 1682 1161 1752 Christianorum,

114 1798 172 1856 qua
192 1781 309 1837 ceteris
327 1780 467 1836 omnibns
490 1781 610 1852 impune
633 1779 814 1836 habentibus
833 1794 891 1833 una
912 1787 1028 1837 tantum
1053 1779 1104 1832 lex
1123 1778 1163 1833 sit

114 1877 248 1948 relique,
282 1876 312 1930 in
342 1891 431 1945 quam
458 1875 577 1944 peccari
600 1874 697 1945 possit
723 1873 834 1942 hodie,
862 1873 928 1928 baec
956 1881 1002 1928 est
1029 1880 1163 1944 potestas

113 1969 202 2039 Papae
223 1977 253 2023 et
273 1968 427 2040 privilegia
449 1967 593 2026 Romanu
613 1965 769 2025 Eoclesiae.
813 1967 890 2022 Hinc
907 1968 1069 2022 connivere
1090 1982 1165 2020 con.

115 2061 288 2132 sentireque
318 2061 348 2115 in
372 2075 479 2115 omnes
510 2059 688 2127 flagitiorum
717 2070 748 2116 et
779 2041 1020 2132 corruptelarum
1046 2059 1164 2124 lernae,

115 2169 181 2224 quae
201 2168 241 2207 ex
259 2149 334 2207 urbe
352 2150 471 2223 Romu,
488 2152 544 2207 sub
562 2152 687 2209 innoxio
706 2163 736 2208 et
752 2169 842 2209 sucro
860 2152 949 2224 Pepae
969 2163 1000 2207 et
1018 2152 1166 2206 Romanae

96 2244 259 2321 ,Ecclesiae
287 2245 426 2312 nomine,
457 2245 487 2300 in
519 2261 642 2300 omnem
669 2255 783 2301 terram
810 2245 875 2303 sine
903 2243 960 2298 line
993 2244 1164 2308 exundant,

115 2320 252 2393 sanetum
282 2345 348 2390 eet:
377 2337 512 2392 laudasse
538 2355 574 2392 ne
602 2353 657 2408 pro
684 2336 847 2394 virtutibus
871 2336 994 2393 summis
1021 2335 1163 2391 adorasse

115 2432 210 2503 pieres
226 2439 287 2486 est:
302 2439 414 2488 eontra
431 2431 587 2499 mutiisee,
604 2431 804 2499 sacrilegium.
840 2428 938 2486 Teuta
954 2437 1000 2485 est
1018 2431 1061 2484 ira
1079 2430 1166 2485 iuro.

116 2528 158 2582 ris
183 2525 307 2581 Domini
328 2526 563 2598 omnipotentis,
593 2535 674 2581 tanta
694 2525 805 2581 meruit
831 2526 919 2597 impia
940 2533 1043 2581 nostre
1067 2526 1166 2592 ingre.

117 2621 232 2679 titudo·
257 2626 374 2674 uttam
400 2621 451 2675 diu
472 2620 626 2675 toleranda
655 2620 694 2674 sit
722 2619 892 2673 inferorum
922 2619 1070 2687 tyrannis,
1106 2634 1165 2688 que

117 2716 274 2782 videmus,
289 2715 385 2768 multo
401 2715 514 2783 gemitu
530 2716 643 2769 frustra
666 2720 837 2782 gementes,
854 2729 965 2768 nomen
980 2722 1118 2766 sanctum
1135 2721 1166 2767 et

118 2809 252 2865 terribile
263 2807 388 2877 Christi,
400 2809 670 2881 iuquojustilieati,
679 2808 867 2877 sanctificati,
880 2807 1036 2877 glorificati
1049 2820 1166 2867 sumus,

119 2912 181 2958 tem
195 2904 294 2972 suedis,
310 2912 370 2958 tam
387 2905 524 2976 spurcis,
540 2915 601 2960 tem
613 2904 774 2959 horrendis
791 2902 1102 2968 monstris,avaritiae,
1120 2910 1166 2972 ty.

119 2998 269 3065 renuidis,
288 2997 435 3067 libidinis,
454 2999 612 3071 impietatis
625 2999 767 3071 praetexi,
783 2998 814 3052 iu
830 2997 1007 3053 servitutem
1020 2996 1169 3055 vitiorum

120 3093 211 3161 cogi,
233 3104 264 3149 et
286 3094 367 3163 quod
390 3101 560 3149 extremum
586 3101 632 3148 e'st
652 3093 817 3154 melorum.
848 3106 960 3146 nomen
980 3090 1094 3146 Christi
1111 3106 1166 3160 per

119 3202 230 3242 nomen
254 3186 367 3242 Christi
399 3189 555 3258 extingui,
597 3186 768 3243 Ecclesium
798 3202 852 3257 per
883 3201 993 3238 nomen
1022 3182 1167 3240 Ecclesiae

120 3281 248 3348 vastari,
274 3288 363 3350 atque
386 3284 509 3338 omnino
528 3283 563 3337 iis
587 3279 677 3336 rebus
700 3295 757 3335 noe
777 3278 857 3347 ludi,
880 3276 960 3346 lulli,
985 3274 1086 3348 perdi,
1111 3294 1166 3355 por

121 3387 194 3444 quas
214 3372 411 3430 debueramus
429 3376 502 3432 salvi
523 3375 598 3433 lieri.

192 3466 314 3541 Quare,
343 3469 415 3523 dum
442 3470 483 3525 illi
506 3471 644 3526 maximis
665 3468 722 3526 illie
748 3468 841 3524 rebus
861 3476 1065 3539 occupantur,
1093 3467 1165 3522 dum

120 3564 278 3624 mordent,
305 3562 377 3617 dum
395 3563 465 3618 Bnai
492 3552 715 3621 euolnnceolis
735 3579 770 3619 se
789 3563 945 3631 incidunt,
967 3564 1038 3617 dum
1056 3560 1166 3616 Lindie

121 3658 191 3715 Deo
206 3655 393 3726 sacrificent,
412 3658 543 3730 dumque
558 3659 674 3728 ,iactant
690 3656 928 3728 Extruvaguntes
947 3666 979 3713 et
999 3657 1168 3712 declarato.

121 3755 182 3813 rins
195 3753 259 3809 illue
273 3751 413 3808 Romane
427 3753 603 3809 eruditionis
616 3751 801 3808 fidelissimas
816 3762 924 3819 testes,
949 3768 1005 3821 ego
1023 3751 1058 3805 sd
1079 3750 1167 3806 mini.

122 3864 186 3905 mes
212 3861 261 3905 res
286 3863 335 3902 me
357 3847 496 3920 recipere
518 3847 625 3918 statui,
649 3845 764 3914 idest,
795 3847 830 3901 ad
851 3847 965 3902 divinas
985 3847 1107 3914 literas,
1136 3855 1170 3901 et

123 3943 201 4003 iuter
217 3943 291 4013 bas,
311 3943 347 3998 ed
362 3959 430 4013 eas,
449 3959 514 4015 qun
528 3946 602 3998 sunt
616 3940 729 3997 minimi
746 3941 859 3998 autoris
880 3941 952 4009 (vel
970 3941 1092 3997 nomine
1109 3955 1167 3996 sno

122 4045 249 4097 resume
260 4041 277 4106 ,)
317 4039 403 4096 Pauli
444 4024 594 4112 Apostoli
636 4037 699 4114 Qui
740 4037 814 4095 adeo
851 4036 997 4095 nonfuit
1031 4047 1172 4092 summus
