2574 4732
159 312 221 376 ³32
641 306 731 376 1⁵19t

162 464 304 523 conlundi
322 463 439 531 omnia,
456 469 491 517 ut
510 461 585 519 nibil
601 466 677 519 certi
698 478 779 534 paene
800 461 888 518 nobis
905 464 1043 519 relietum
1062 463 1113 520 sit.
1153 463 1225 520 Sed·
1262 476 1265 483 ’

161 571 192 617 et
209 559 317 613 multas
333 558 500 612 decretales
520 572 607 621 esse,
637 573 766 613 asensu
790 557 964 626 evangelico
989 559 1114 625 alienas,
1140 558 1212 614 luce

160 636 270 710 elarius
287 662 349 706 est:
376 652 417 707 ite
436 660 470 705 ut
487 650 651 706 necessitas
670 650 734 720 ipsa
750 665 851 705 rerum
870 667 927 706 nos
941 660 1051 721 cogat,
1078 653 1113 705 ad
1131 649 1213 706 Scri.

159 738 253 820 pturae
283 745 389 799 divinae
417 743 628 800 solidissimam
659 753 773 814 petram
805 744 969 813 confugere
999 761 1056 799 uec
1094 753 1211 798 temere

161 842 286 896 credere
312 840 396 902 ullis,
423 839 594 910 quicunque
624 839 702 905 sint,
734 838 785 908 qui
812 839 887 893 citra
913 837 991 893 illius
1014 836 1210 892 autoritatem

159 936 344 1006 loquuntur,
373 942 530 1000 statuunt,
554 942 604 987 aut
631 932 756 987 iaciunt.

227 1027 295 1083 Nec
314 1029 478 1081 verendum
498 1042 626 1094 censen,
645 1026 717 1097 quid
735 1032 843 1081 contra
860 1024 1026 1087 Cardinalis
1047 1023 1210 1094 cajetanus

161 1132 192 1178 et
213 1122 355 1176 silvester
375 1120 505 1175 Prierias
524 1120 701 1186 adulentur,
725 1119 777 1188 qui
796 1120 886 1175 etiam
905 1121 936 1175 in
957 1118 1049 1175 rebus
1066 1117 1136 1172 lidei
1153 1132 1210 1171 nu.

160 1217 231 1270 dum
253 1214 379 1268 verbum
403 1213 534 1267 hominis
549 1213 688 1267 sufficere
708 1212 897 1268 cavillantur.
939 1213 1040 1269 Divus
1064 1211 1210 1279 Augusti.

160 1310 341 1374 sustinect,
364 1306 436 1360 nulli
456 1306 655 1374 credendum,
675 1303 859 1376 quantalibet
877 1307 1043 1360 sanctitate
1056 1305 1209 1360 doctrine.

159 1417 217 1473 que
236 1396 406 1472 prepolleat
424 1400 539 1465 (creilo
562 1400 651 1455 etiam
668 1399 899 1469 sanctissima),
917 1401 974 1456 nisi
989 1400 1098 1456 divinis
1113 1398 1210 1455 literis

160 1505 209 1548 aut
232 1493 349 1548 unone
366 1492 513 1563 probabili
532 1493 725 1564 persuadent,
742 1509 801 1562 ne,
817 1494 844 1550 si
862 1494 948 1550 aliter
967 1493 1120 1559 ludamus,
1143 1492 1211 1547 illu.

159 1588 282 1665 demur:
307 1597 337 1641 at
358 1587 390 1641 lti
408 1588 437 1641 in
461 1586 585 1643 Christo
601 1586 673 1642 boni
695 1598 816 1643 autores
836 1588 941 1643 volunt
966 1602 1023 1642 nos
1043 1587 1071 1642 vi
1095 1602 1209 1655 cogere

159 1683 190 1737 in
209 1683 287 1737 banc
306 1682 485 1738 illusionem.
525 1683 651 1737 Sanctus
671 1681 781 1737 Petrus
796 1662 897 1737 'toties
917 1681 1017 1752 lapsus
1040 1688 1136 1735 estet
1159 1695 1208 1735 se.

159 1776 220 1830 mel
240 1786 310 1846 post
326 1788 484 1848 acceptum
500 1778 657 1849 spiritum,
675 1776 851 1847 gravissimo
871 1775 1035 1830 animarum
1050 1774 1206 1844 periculo,

159 1872 290 1926 erravit:
315 1881 346 1925 et
363 1887 420 1926 nos
438 1872 595 1939 homines,
621 1873 712 1939 longe
728 1871 805 1925 inlra
824 1871 1020 1942 apostolicam
1041 1867 1208 1923 sublimita.

159 1975 226 2019 tem
244 1973 413 2034 reptantes,
432 1965 509 2020 ultre
522 1965 702 2035 apostolicas
718 1964 922 2033 perfectiones
936 1963 1102 2019 elevamus:
1122 1961 1208 2032 quasi

161 2058 301 2112 Christus
321 2060 464 2112 mentitus
484 2044 540 2117 sit,
569 2058 689 2126 quaudo
705 2071 772 2111 sese
790 2057 929 2128 promisit
947 2055 1105 2115 nobiscum
1121 2071 1188 2110 esse
1197 2094 1208 2124 ,

157 2165 254 2217 usque
279 2149 315 2202 ad
343 2150 634 2204 consummationem
662 2148 775 2205 saculi.
820 2148 907 2202 Adeo
938 2147 1098 2216 querimus
1130 2147 1208 2203 alios

159 2238 316 2304 Christos,
340 2239 370 2293 in
395 2255 524 2308 quornm
540 2249 615 2294 nutu
635 2247 804 2310 mentuque
826 2239 953 2310 pendeat
969 2237 1118 2292 Ecclesia.
1153 2237 1206 2289 Sa.

156 2333 196 2386 tis
213 2341 259 2385 est
276 2319 448 2384 Romanum
466 2330 644 2386 Pontificem
664 2347 817 2387 summum
836 2328 1017 2385 Pontificem
1037 2343 1118 2387 esse:
1147 2329 1205 2383 im.

159 2425 321 2497 piissimum
350 2425 406 2491 sit,
438 2423 559 2479 Christo
589 2425 731 2496 aequalem
758 2425 786 2479 ei
816 2423 959 2481 virtutem
978 2434 1008 2477 et
1028 2423 1204 2493 sapientiam

159 2519 313 2584 affingere,
333 2519 411 2573 sicut
428 2519 536 2572 audent
552 2519 682 2590 quidam.
717 2517 916 2591 Quanquam,
934 2527 968 2572 ut
985 2518 1110 2586 ingenue
1131 2533 1207 2571 con.

158 2614 262 2679 fiteur,
282 2614 344 2684 ipse
365 2629 446 2682 paene
465 2614 589 2680 ignoro,
607 2629 672 2682 quae
688 2614 746 2679 sit,
766 2621 796 2667 et
814 2612 864 2666 ubi
884 2614 923 2666 sit
943 2612 1079 2666 Romana
1097 2610 1206 2664 Eccle.

158 2710 222 2767 sin.
249 2708 288 2762 itn
307 2706 496 2768 ludentibus,
518 2706 711 2775 jocantibus,
729 2704 982 2760 confundentibus
1001 2705 1120 2759 nomina
1141 2704 1207 2758 Ro.

158 2819 253 2858 manae
279 2800 423 2855 Ecclesiae
454 2801 616 2855 teterrimis
642 2800 699 2855 illis
723 2798 928 2869 nugatoribus.
972 2799 1113 2854 silvester
1139 2815 1206 2852 earn

158 2906 242 2953 secat
263 2896 293 2950 in
316 2906 379 2949 tres
396 2893 550 2951 Eoclesias
562 2935 573 2964 ,
595 2895 625 2949 iu
642 2894 773 2964 Papam,
796 2896 826 2948 in
847 2893 1037 2959 Cardineles,
1059 2892 1089 2946 iu
1109 2908 1206 2963 popu.

160 2991 233 3044 lum.
269 2989 346 3062 Qun
364 2989 534 3048 distinctio,
560 2989 628 3059 quia
648 2989 826 3056 magistralis
842 2997 873 3043 et
891 2986 1040 3042 sufficiens
1058 2996 1122 3047 est,
1147 3003 1206 3041 nee

159 3080 295 3137 membra
317 3082 507 3150 coincidunt,
532 3082 621 3151 facit,
644 3093 677 3137 ut
695 3083 776 3153 Papa
795 3092 826 3136 et
845 3081 1017 3136 Cardinales
1039 3082 1098 3135 sint
1119 3091 1207 3135 extra

159 3175 346 3242 Ecclesiam,
365 3177 444 3230 inter
461 3191 590 3245 paganos
609 3175 756 3244 habendi,
773 3184 808 3231 ut
825 3176 918 3247 quiin
934 3176 1082 3230 essentiali
1098 3174 1207 3231 Eccle.

159 3271 201 3324 sia
221 3285 280 3323 uon
302 3269 375 3324 sint:
395 3278 445 3323 aut
462 3280 524 3324 tres
546 3269 686 3324 Christos
705 3268 846 3340 prnliciet
861 3265 958 3324 tribus
978 3268 1034 3323 illis
1047 3268 1205 3336 Ecclesiis,

159 3362 221 3417 imo
237 3377 294 3416 nec
310 3360 449 3416 Christus
465 3362 500 3415 ad
516 3361 684 3418 Ecclesiam
698 3361 859 3433 pertinebit
876 3372 960 3417 tanto
976 3363 1093 3429 autori,
1111 3379 1208 3433 quum

159 3472 217 3510 nec
234 3453 369 3508 virtualis
393 3470 450 3508 nec
474 3457 720 3526 representative
736 3473 792 3511 nec
815 3455 981 3512 essentialis
1000 3457 1039 3511 sit
1056 3455 1207 3512 Ecclesia.

161 3546 324 3602 Cardinnlis
345 3545 503 3614 Cajetanus
528 3551 638 3617 passim
656 3566 689 3606 se
712 3567 768 3620 pro
789 3549 926 3610 Ecclesia
947 3549 1083 3605 Romana
1102 3551 1207 3605 vendi·

161 3644 254 3699 tutin
277 3641 454 3707 Germania,
480 3640 537 3695 sub
555 3644 676 3698 nomine
699 3644 778 3699 illius
798 3642 907 3699 Brevia
930 3643 1095 3715 apostolica
1122 3658 1209 3697 com.

159 3736 277 3792 minisci
298 3736 369 3791 sutis
391 3733 509 3789 doctus.
544 3732 601 3789 Est
619 3733 755 3792 Romana
774 3736 912 3801 Ecclesia
932 3737 1030 3793 bonus
1051 3737 1101 3791 ille
1123 3737 1208 3808 copi.

160 3832 236 3899 ista,
255 3830 305 3902 qui
331 3829 558 3886 declaratoriurn
582 3829 662 3882 illam
689 3829 944 3900 pulcherrimam,
967 3847 1025 3904 qua
1048 3830 1208 3901 cajetanus

160 3925 331 3993 dignissime
355 3924 520 3992 gloriatur,
543 3922 693 3986 editurus,
720 3939 790 3978 cum
814 3925 844 3980 iu
866 3925 1043 3980 formulario
1067 3941 1123 3981 sno
1145 3941 1209 3980 non

161 4019 329 4092 Scripturas
357 4029 409 4079 aut
443 4018 518 4075 ullas
548 4019 703 4090 rationes,
737 4017 791 4075 sed
822 4017 1061 4077 immemorabile
1090 4030 1212 4091 tempus

1103 924 1112 961 l
