2574 4732
593 302 682 367 1521.
718 358 720 364 .
1106 299 1164 366 565

121 463 180 520 lem
206 461 374 536 presidium
399 469 429 516 et
454 458 568 514 rictum
594 458 798 530 providerem.
833 457 912 513 Tam
935 464 1031 514 astuta
1049 467 1095 513 est
1112 475 1164 513 ne.

120 557 222 638 quitis
232 556 319 612 illius.
359 553 427 609 Hoc
447 551 661 619 considerans,
688 551 863 606 recordatus
883 567 950 607 snm
969 553 1065 632 sancti
1086 551 1164 608 illins

119 651 176 708 viri
207 648 382 722 Nehemiaa,
407 656 438 701 ιι
462 645 576 721 relictis
603 643 710 701 otiosis
731 642 1041 716 contemplationibus
1058 643 1164 713 Eure,

118 743 225 802 scriba
243 725 408 820 doctissimi
422 737 478 809 ⁶),
496 717 533 795 de
550 753 623 816 pace
640 737 798 810 desperare
816 737 910 809 coepi,
929 737 1010 793 ultro
1025 739 1164 812 citroque

116 855 169 913 Ιιιιι
189 852 294 909 parans
314 837 349 891 ad
365 835 445 908 pacis
462 844 493 890 et
508 825 578 889 belli
598 826 710 907 studia,
729 847 787 887 una
806 828 895 886 manu
912 830 1041 900 gladium
1060 834 1164 906 appre-

115 931 273 999 heodem,
290 910 441 985 Arabibus
456 928 532 983 meis
551 935 785 999 repugnaturus,
806 935 837 981 et
856 924 1089 981 alteramanurum
1096 928 1165 985 adt.

119 1023 279 1093 dicaturus,
297 1040 335 1079 ne
354 1022 379 1080 si
401 1022 486 1078 alteri
502 1030 619 1076 tantum
639 1019 723 1093 operi
741 1033 791 1074 ms
810 1019 1004 1091 impendero,
1024 1029 1164 1077 neutrum

119 1117 296 1190 implevero.
333 1115 464 1189 Quando
489 1125 520 1172 ιι
543 1115 744 1180 Hieronymus
760 1111 853 1181 dicit,
881 1116 998 1194 tantum
1018 1109 1164 1170 Ecclesia

120 1211 251 1274 officere.
271 1212 321 1286 qui
338 1210 515 1268 adversariis
533 1225 594 1266 non
611 1205 742 1269 resistit,
760 1210 917 1279 quantuni
923 1205 953 1261 in
973 1205 1065 1293 altera
1082 1215 1164 1281 parte

121 1306 254 1362 aedificat.

178 1398 229 1457 Et
253 1398 419 1472 Apostolos
440 1397 583 1467 mandat,
610 1404 645 1453 ιιι
669 1396 842 1475 episcopus
852 1411 914 1452 non
936 1389 1036 1452 solum
1055 1404 1164 1467 potens

118 1493 158 1551 ait
176 1492 359 1548 exhortari
352 1508 381 1547 m
400 1493 536 1547 doctrina
554 1506 641 1559 sana,
666 1489 719 1546 ssd
744 1491 775 1546 e't
799 1486 1041 1547 contradicentes
1061 1492 1165 1548 redar-

113 1603 222 1670 gnere.
264 1584 338 1642 Non
356 1585 437 1657 quod
456 1602 503 1641 ms
522 1584 696 1667 episcopum
716 1598 782 1640 esse
804 1582 953 1673 arlsitrer,
977 1582 1045 1639 cum
1065 1585 1164 1643 desint

119 1690 150 1736 et
168 1694 242 1752 opes
260 1688 291 1735 et
308 1677 415 1742 infula,
433 1678 541 1749 quibus
558 1677 650 1734 hodie
669 1686 789 1753 constat
806 1677 983 1750 episcopua:
1008 1679 1061 1734 sed
1081 1680 1163 1751 quod

119 1772 250 1829 officium
274 1771 360 1827 verbi
365 1771 437 1856 qui
463 1771 583 1851 implet,
609 1768 742 1844 episcopi
767 1768 910 1837 officium
922 1771 1045 1843 implet,
1072 1787 1162 1842 quem

118 1875 242 1938 oportet
268 1881 334 1923 esse
361 1864 583 1923 ambidextrum
605 1862 720 1931 Ehud,
748 1874 779 1921 et
799 1865 1026 1936 pinguissimum
1046 1866 1163 1936 deglon

116 1961 236 2015 sinistra
253 1959 368 2016 bellace
386 1955 576 2035 temporique
591 1958 662 2015 belli
680 1966 800 2031 parata,
818 1957 911 2016 infixo
928 1958 1058 2030 pugione
1079 1960 1164 2018 occi.

116 2044 201 2107 dere.
234 2050 275 2108 Et
297 2068 353 2122 ego
373 2053 402 2108 in
423 2048 529 2109 mediis
548 2053 666 2123 gladiis,
685 2050 788 2122 bullis,
807 2051 885 2109 tubis
903 2062 934 2108 et
952 2053 1085 2109 classicis
1104 2053 1163 2110 Pu.

116 2146 279 2217 pistarum,
303 2144 480 2202 frustratae
498 2144 696 2214 terrentibus,
720 2146 872 2203 animosus
890 2156 1080 2216 contemtor,
1107 2161 1163 2219 per

115 2237 177 2294 Dei
200 2239 348 2309 gratiam,
375 2239 461 2312 pacis,
483 2240 568 2312 operi
591 2240 750 2310 recingor,
781 2249 812 2295 et
836 2241 1041 2302 enarrationes
1065 2258 1083 2297 a
1109 2252 1161 2298 ιιιι

117 2331 304 2409 ὒιὶιίιιιιίἰιιι
324 2333 452 2405 petitas,
476 2333 506 2388 in
524 2333 629 2389 manus
649 2334 775 2411 accipio.
811 2330 892 2406 Quid
912 2322 992 2389 enim
1009 2351 1070 2390 noo
1090 2352 1161 2408 pos.

114 2427 172 2482 sirn
197 2427 227 2482 in
254 2443 312 2496 eo,
338 2426 389 2499 qui
408 2443 456 2483 me
474 2428 655 2484 confortet?
681 2427 709 2483 Si
721 2412 812 2484 ¹uires
833 2443 915 2484 meas
933 2429 1031 2484 metiri
1050 2429 1159 2501 velim,

113 2534 152 2574 ne
172 2519 221 2574 uni
242 2520 363 2589 quidem
381 2520 531 2578 Psalterio
550 2538 600 2575 me
619 2523 787 2588 traderem,
806 2523 896 2578 stiam
915 2513 1025 2594 septies
1044 2521 1160 2577 Luthe.

114 2626 184 2672 rus:
210 2620 326 2667 tantum
351 2614 445 2682 exigit
469 2614 495 2669 is
513 2613 735 2683 liber'ingenii,
761 2613 957 2682 conditionis,
984 2614 1158 2687 diligentias,

115 2703 238 2776 spiritus
256 2713 286 2760 ιι
304 2705 419 2772 gratiae,
438 2714 470 2760 ut
487 2714 603 2759 taceam
621 2707 744 2774 geminas
762 2705 919 2761 concionis
935 2713 1056 2763 munus.
1079 2706 1159 2765 Nam

116 2797 153 2853 de
171 2796 235 2854 aliis
253 2797 502 2869 occupationibus
520 2806 605 2853 extra
625 2798 710 2854 verbi
729 2797 927 2854 ministerium
946 2798 1019 2854 nihil
1037 2800 1118 2858 dido.

184 2889 302 2946 Vereor
322 2901 440 2959 autem,
463 2907 500 2945 ne
520 2891 583 2947 hoc
602 2893 703 2962 operia
721 2893 809 2961 longe
828 2892 867 2947 sit
888 2891 1024 2947 futurum
1041 2909 1093 2965 sps
1115 2897 1159 2950 in.

116 2985 218 3041 serius.
256 2983 331 3039 cunr
353 2985 431 3040 enim
448 2984 521 3042 nihil
538 2985 577 3042 sit
596 2987 730 3046 sanctius
747 2987 778 3042 in
797 2985 931 3042 omnium
949 2987 1042 3043 corde
1059 2987 1170 3060 Bran.¹

115 3078 182 3148 gelii
207 3078 371 3148 opinione,
396 3079 486 3150 idque
507 3078 640 3142 merito,
671 3080 757 3150 cujus
789 3079 927 3150 majestas
948 3080 1159 3140 inaestimabilis

116 3172 203 3240 digne
222 3181 269 3226 est
287 3171 456 3227 adoranda:
475 3171 686 3244 expectabitur
704 3174 784 3228 torte
805 3172 941 3228 amultis
961 3173 1047 3243 digua
1060 3173 1160 3232 Evan-

114 3269 193 3336 gelio
217 3265 385 3332 enarratio,
416 3273 447 3321 et
472 3282 489 3320 e
512 3266 660 3322 montium
686 3276 774 3338 partu
796 3281 863 3321 mus
887 3267 1006 3321 tandem
1031 3266 1096 3337 liet,
1128 3279 1160 3326 et

85 3430 88 3435 Q
116 3369 267 3432 concepto
291 3361 399 3415 ardore
427 3360 563 3431 stipulam
588 3359 711 3430 pariam.
757 3358 829 3414 Nou
859 3359 895 3414 de
927 3358 1097 3431 eloquentia
1128 3372 1160 3419 et
1238 3334 1250 3357 Χ

115 3451 214 3509 Latini
232 3455 380 3509 sermonis
398 3454 541 3524 elegantia
562 3453 643 3509 dico.
681 3451 891 3508 Namharnm
913 3467 1017 3507 rerum
1036 3463 1068 3508 ut
1092 3470 1160 3509 snm

118 3545 295 3617 imperitus,
327 3548 368 3602 ita
392 3531 496 3619 peritis
528 3561 653 3619 prorsus
682 3562 743 3600 non
776 3543 841 3601 lraec
878 3544 1004 3611 laboro,
1038 3548 1091 3603 sed
1123 3548 1160 3603 de

109 3632 209 3710 'vulgo
223 3634 270 3708 ’)’
282 3647 313 3694 ιι
331 3639 384 3711 ils,
409 3642 438 3698 in
459 3656 589 3714 quorum
610 3639 731 3699 acubus
750 3640 874 3711 spiritus
893 3648 958 3707 est,
976 3639 1026 3711 qui
1046 3641 1159 3698 excelsi

119 3795 642 3819 mna-m

173 3901 202 3951 ι)
231 3895 274 3942 Ed.
289 3892 356 3945 tatto
369 3895 517 3945 doctissimo.

125 3978 319 3994 m

171 4026 202 4078 ι)
229 4022 264 4072 ω,
278 4021 301 4074 ι.
315 4019 360 4074 iis,
382 4021 423 4078 qul
441 4023 470 4068 de
486 4024 560 4081 rotgo
574 4033 639 4073 ιιιιιιι
