2574 4732
597 334 687 406 1519.
1117 340 1178 419 ιιι

133 495 310 563 ederentur,
339 491 396 551 nisi
412 492 566 564 jndicibus
591 492 821 549 nominationes
846 494 1049 549 communiter
1074 492 1179 549 clectis

106 590 250 657 ''oblata',
276 584 463 658 accepissent
486 588 674 643 sententiam.
722 587 866 642 Additum
889 571 935 642 cst
953 573 1178 655 commentum,

131 701 194 757 quo
215 683 299 739 velut
321 681 537 738 honestissimo
558 681 646 737 titulo
666 681 728 736 hoc
749 672 950 749 loedilragium
970 679 1046 751 apud
1069 672 1180 737 idiotas

131 785 306 845 ornaretur,
325 774 465 831 videlicet
483 783 626 845 oportere
639 775 758 846 judices
774 782 879 828 certos
902 771 1037 840 habers,
1056 758 1135 845 quoa
1153 773 1179 830 si

130 885 361 938 recusaremus,
380 868 441 940 jam
459 867 626 936 haberent,
644 884 706 938 quo
727 868 757 925 iu
780 867 883 924 odium
901 864 981 935 vulgi
1003 870 1060 923 rios
1078 858 1180 924 traluc-

111 958 113 963 ’
131 973 217 1032 rent,
235 973 267 1019 et
285 964 453 1034 jnctarsnt,
472 962 552 1017 nolle
567 962 683 1018 scilicet
701 976 759 1018 noe
777 961 837 1031 pati
856 959 1075 1031 ullosjudices.
1129 970 1133 977 '

139 1074 145 1101 τ
169 1094 172 1101 ·
198 1058 245 1114 lta
266 1057 445 1115 solidissima·
464 1056 575 1112 veritas
588 1053 673 1113 Eccii
689 1066 721 1113 et
738 1054 942 1112 Eccisnorum
956 1053 1066 1109 metuit
1078 1053 1180 1111 laccm

133 1158 166 1206 et
185 1149 339 1224 pubiicum
350 1192 361 1221 ,
387 1150 444 1206 sibi
468 1150 585 1206 scilicet
603 1150 716 1222 optimc
746 1149 869 1206 conscia
880 1190 891 1219 ,
924 1149 1009 1222 quasi
1037 1134 1135 1206 orbis'
1148 1156 1180 1206 et

116 1245 292 1316 cujusque
306 1244 410 1317 optimi
430 1245 487 1300 riri
508 1244 657 1315 judicium
678 1260 783 1318 parum
796 1240 861 1314 sit,
886 1258 949 1315 quo
968 1249 1090 1314 recepta
1107 1230 1181 1315 suat

134 1349 197 1397 tam
211 1338 318 1407 malta,
337 1355 402 1411 quaa
420 1339 493 1395 olim
513 1340 542 1396 S.
560 1338 667 1394 Patres
683 1339 840 1401 dixerunt,
858 1337 1058 1409 scripserunt,
1070 1319 1182 1418 'dispui-

135 1441 286 1490 tarerunt.
327 1432 541 1489 Feceruntita
566 1433 670 1499 sorta,
701 1433 782 1503 quod
799 1430 919 1502 judices
938 1430 1006 1488 fore
1023 1433 1192 1502 sperarsnt

135 1540 208 1595 eos,
226 1540 305 1598 quos
326 1526 358 1582 in
378 1525 547 1582 Academiis
562 1524 600 1595 s)
618 1526 728 1597 passim
746 1534 853 1579 contra
870 1539 945 1592 nos,
969 1538 1027 1596 pro
1046 1536 1079 1580 sc
1098 1507 1182 1579 sture

101 1619 293 1677 ··sciebant=
321 1629 391 1689 aut,
428 1620 510 1691 quod
540 1620 633 1688 magis
663 1612 822 1689 suspicor,
844 1618 925 1689 quod
951 1615 1063 1672 Eccius
1093 1625 1180 1673 meua

134 1714 276 1770 conscius
295 1712 353 1768 sibi
375 1730 436 1769 non
460 1711 617 1768 intellecto
640 1727 657 1765 ιι
681 1728 715 1767 se
730 1711 894 1782 Scripturas
912 1709 1070 1766 latibulum
1089 1709 1180 1781 hujus

133 1805 327 1864 conscientias
348 1805 408 1861 bac
428 1805 544 1860 ratione
568 1811 724 1876 quaereret.
771 1804 851 1861 Nam
874 1804 930 1860 etsi
954 1812 1001 1860 est
1025 1804 1123 1860 homo
1139 1804 1181 1861 'in

133 1899 231 1956 literis
250 1899 389 1955 humanis
416 1909 447 1954 et
470 1898 661 1969 opinionibus
687 1898 876 1954 scholasticis
896 1898 979 1954 varie
999 1906 1030 1954 et
1054 1898 1180 1970 copiose

136 1993 291 2047 eruditus:
332 1999 433 2047 tamen
464 2008 619 2048 sacrarum
650 1993 806 2048 literarum
841 2007 898 2062 ego
927 1991 1046 2047 inanem
1079 1990 1180 2048 inveni
1220 1990 1224 2005 ¹

135 2084 361 2156 disputatorem.
399 2084 491 2158 Quod
517 2086 590 2142 mihi
613 2104 669 2158 pro
688 2085 836 2142 modestia
853 2101 908 2141 sua
927 2085 1083 2155 ignoscet,
1110 2084 1181 2158 quia

134 2195 241 2235 verum
262 2179 350 2250 dico,
375 2190 407 2237 et
425 2196 481 2237 suo
499 2188 638 2253 tempore
662 2179 817 2254 probabo,
841 2178 893 2235 ubi
913 2194 949 2234 ee
968 2193 1029 2235 non
1041 2178 1180 2234 'suffode-

134 2274 209 2344 rint,
237 2290 302 2348 quaa
327 2276 454 2346 ipsemet
482 2274 512 2330 io
534 2288 677 2346 papyrum
705 2274 809 2329 effudit
829 2272 1000 2329 testimonia
1022 2272 1180 2345 imperitias

132 2369 223 2439 hujus
244 2368 396 2427 credibilia
416 2369 516 2426 nimis.
557 2368 629 2426 Non
647 2369 729 2442 quod
747 2367 821 2423 mihi
841 2366 898 2424 soli
921 2366 1079 2423 vendicem
1100 2365 1181 2421 Scri.

133 2468 289 2532 pturarum
308 2471 478 2519 sanctarum
499 2462 654 2520 scientiam
675 2462 740 2529 (sic
757 2462 837 2518 enlm
852 2477 902 2517 me
921 2460 1000 2518 solet
1014 2459 1178 2527 criminari,

136 2555 254 2623 quando
280 2556 359 2611 aliud
387 2556 470 2626 quod
498 2557 596 2624 dicat,
619 2562 749 2611 nonest
772 2555 807 2609 ad
832 2553 998 2622 manum),
1022 2553 1074 2609 sed
1096 2553 1178 2624 quod

136 2646 266 2701 arbitrer
280 2663 329 2700 me
346 2648 375 2701 in
392 2648 486 2703 saorla
501 2648 595 2703 literis
612 2658 727 2703 tantum
741 2655 894 2703 versatum
908 2642 943 2700 'et
960 2645 1181 2711 exercitatum,

136 2749 170 2794 ut
193 2741 229 2794 de
255 2739 429 2795 scholastici
451 2739 584 2810 theologi
608 2740 748 2808 scicntia,
774 2738 824 2811 qui
845 2752 947 2794 sacras
969 2737 1070 2794 literas
1091 2736 1180 2815 vixxa

135 2832 237 2888 limine
255 2832 408 2894 salutavit,
428 2833 542 2904 possim
558 2833 621 2889 sine
640 2832 774 2904 periculo
791 2830 996 2902 pronuntiare.

205 2926 308 2982 Altera
324 2927 461 2982 machina
481 2926 547 2982 luit.
583 2924 826 2989 Carolostadius‚
841 2924 904 2994 jam
923 2938 985 2979 non
1000 2930 1104 2980 noster
1119 2919 1178 2993 ⁶),

136 3038 240 3078 secum
263 3021 357 3076 libros
380 3020 537 3090 attulerat,
562 3035 632 3074 curu
658 3019 697 3073 sit
720 3016 933 3074 honestissima
953 3017 1120 3089 disputandi
1148 3029 1179 3073 ct

134 3117 281 3171 tutissima
307 3115 400 3183 ratio,
434 3129 473 3168 ex
499 3112 693 3187 praesentibus
723 3111 809 3168 libris
841 3111 908 3168 loca
936 3111 1119 3182 ostendere,
1148 3120 1180 3169 et

136 3213 215 3265 dicta
251 3210 298 3263 vel
331 3209 461 3279 probare
491 3208 540 3263 vel
575 3192 782 3273 refutare⁶):
823 3221 930 3275 magno
956 3205 1090 3261 tumultu·
1116 3205 1179 3262 hoc

135 3304 248 3360 Eccius
267 3313 371 3361 noster
393 3303 580 3357 detrectavit.
616 3299 697 3358 Nam
714 3298 870 3356 videbatur
889 3299 1044 3371 quosdam
1065 3300 1180 3371 compi.

136 3398 242 3453 latoris
264 3396 382 3466 ingenio
404 3404 434 3451 et
452 3412 543 3469 opera
562 3395 677 3462 fretus,
695 3392 805 3448 multas
822 3393 1047 3451 consarcinasse
1067 3393 1180 3451 autori.

136 3499 214 3546 tates
239 3490 270 3546 S.
300 3489 425 3546 Parrum
438 3528 449 3560 ,
479 3489 640 3561 studioque
665 3486 805 3543 factionis
832 3502 892 3544 suaa
914 3488 1051 3544 auxisse:
1077 3488 1128 3543 ubi
1142 3483 1178 3552 e)

135 3583 305 3656 periculum
337 3593 427 3652 erat,
462 3599 500 3640 no
534 3583 613 3641 sicut
646 3581 812 3654 aliquoties·
835 3580 1098 3651 convincebatur,
1138 3582 1179 3636 ita

1085 4108 1260 4448 A

190 3830 222 3881 b)
249 3832 278 3877 ll.
294 3830 321 3879 ί.
337 3830 545 3879 Universitatibut.

191 3913 222 3958 c)
248 3910 269 3954 Δ
292 3909 318 3956 t.
332 3910 433 3956 carolis
449 3920 536 3957 noster.
565 3909 626 3964 litut
641 3908 723 3959 tatas
737 3907 764 3963 li
779 3906 881 3965 titulat
896 3904 980 3961 Μία.

192 3986 222 4035 d)
250 3989 276 4033 ll¹
296 3987 320 4035 l·
338 3985 472 4035 confutare.

190 4068 221 4114 al
250 4067 270 4111 Δ
296 4065 321 4114 ll.
340 4065 384 4114 ibl.
