2574 4732
542 357 633 429 rats.
788 338 793 349 ’
1048 362 1111 431 trs

60 518 113 579 rel
141 517 202 576 hoo
230 518 377 585 nomiae,
406 516 489 590 quod
517 516 591 572 nulli
623 514 797 572 Christiano
819 533 881 573 non
910 519 1017 577 debeat
1040 539 1109 581 esse

59 613 321 683 molestissimum,
338 621 454 668 tantum
469 612 498 666 in
513 609 650 666 Ecclesia
662 609 777 665 christi
794 614 981 681 quorundam
998 619 1110 674 audere

60 709 291 782 impudentiam,
319 718 355 761 ut
373 705 431 762 sub
450 705 571 760 nomine
589 703 769 763 venerabilis
788 707 946 774 potestatis
964 704 1109 768 Ecclesiae

59 805 124 861 auis
141 803 229 859 laedis
253 798 466 872 cupiditatibus
487 806 666 871 praesumant
683 813 870 854 successum.
907 798 946 855 Et
967 807 1110 875 qusquis

59 894 244 964 Pontificum
268 904 316 951 sat
340 893 535 960 clementior,
562 891 686 958 melior,
713 892 880 961 eruditior,
905 909 943 949 eo
959 896 1008 952 isti
1028 898 1112 970 impii

59 991 246 1062 imostores
259 988 374 1058 majora
395 985 451 1042 sibi
471 986 651 1057 pollicentur
668 994 831 1059 portenta,
863 986 920 1043 sub
940 990 1005 1059 ejus
1020 992 1118 1051 ritulo

59 1083 276 1156 promovenda.
310 1080 390 1138 Nam
414 1090 491 1151 quot
512 1080 678 1136 manifestis
700 1081 885 1149 mendaciis,
912 1084 943 1138 in
969 1083 1028 1140 h'ac
1043 1103 1110 1143 uua

60 1177 190 1233 levicula
218 1191 326 1243 causa,
355 1190 475 1232 sacrum
502 1172 675 1230 Leonisx.
707 1190 840 1245 nomen,
870 1176 906 1232 ad
935 1180 1113 1252 terrendum

59 1285 156 1325 unum
177 1270 372 1326 fraterculum
391 1269 532 1338 dirasque
547 1283 617 1323 suas
634 1269 807 1337 tyrannides
820 1269 1023 1342 stabiliendae,
1041 1289 1113 1344 pro.

61 1364 204 1419 iuuerunt
222 1343 548 1435 conspurcaruntquei
592 1403 595 1408 -
634 1391 639 1395 —
717 1366 720 1373 '

128 1455 322 1533 ‚Quamquam
350 1460 408 1512 n'ec
434 1454 496 1510 hoc
524 1454 603 1510 adeo
631 1455 742 1510 mirum
768 1465 837 1524 est,
871 1458 898 1513 si
923 1468 1019 1529 sunt,
1060 1460 1117 1531 qui

12 1563 16 1570 ·
61 1565 174 1606 nomen
188 1551 298 1607 summi
315 1548 472 1625 Pontificis
487 1548 690 1621 prostituunt,
718 1560 748 1606 et
764 1552 794 1606 in
812 1566 922 1605 vanum
940 1565 1115 1614 assunrunts

62 1643 202 1701 lecerunt
221 1646 302 1702 idem
322 1660 431 1700 eorum
453 1642 657 1706 Patriarcbas,
684 1642 749 1698 falsi
771 1642 950 1715 Prophetas,
976 1645 1114 1704 Pseudo.

62 1739 211 1809 spostoll,
236 1737 492 1799 Pseudocbristi‚
521 1736 572 1807 qui
592 1737 681 1791 etiam
700 1744 838 1791 sanctum
860 1752 969 1794 nouren
984 1735 1015 1806 ἰ)
1054 1740 1114 1798 Dei

62 1839 95 1887 et
119 1833 235 1889 Christi
256 1819 321 1888 suis
355 1830 518 1885 mendaciis
542 1828 658 1883 servire
683 1836 859 1898 coegerunt.
906 1831 1011 1905 itaque
1036 1835 1112 1890 mira
1159 1842 1163 1849 ‘

61 1924 125 1982 Dei
155 1926 326 1995 dignatione
360 1933 392 1980 et
426 1934 565 1979 serratus
602 1930 649 1977 est
679 1923 856 1993 purissimus
882 1925 984 1982 honor
1021 1926 1113 1983 Rom.

62 2017 221 2088 Ecclesia,
244 2027 276 2074 et
300 2002 470 2074 reverentia
491 2015 599 2074 summi
618 2015 775 2072 Pontifiois
795 2020 947 2075 custodita
969 2030 1025 2078 est.
1061 2023 1120 2093 ὅγε

63 2113 223 2186 cophantis
248 2122 364 2170 tuntum
388 2112 468 2183 belle
495 2124 526 2167 et
548 2089 677 2167 ie'liciter
700 2112 883 2167 contraitum
908 2123 974 2183 est,
1011 2127 1043 2169 nt
1061 2116 1120 2174 ali.¹

64 2209 183 2279 quando
203 2208 370 2275 discerent,
396 2205 497 2263 Deum
518 2205 616 2261 adhuc
634 2205 740 2260 vivere
761 2214 792 2261 st
811 2222 956 2277 regnare,
975 2211 1025 2280 qui
1047 2210 1116 2266 illu.

63 2316 150 2358 sores
164 2301 294 2359 deludat.
329 2300 405 2369 llic,
423 2302 563 2373 inquam,
581 2298 669 2357 Deus
687 2307 719 2355 et
734 2291 887 2358 Dominus
898 2311 1003 2360 noster
1020 2304 1115 2361 desua

65 2394 224 2464 Christus,
248 2396 334 2468 cujus
355 2395 450 2451 solius
470 2401 541 2451 sunt
563 2394 684 2461 omnia,
708 2410 774 2465 quas
791 2397 820 2450 in
840 2407 893 2465 ts,
912 2398 1115 2455 illustrissime

63 2487 230 2557 Princeps,
252 2489 451 2556 admiramur,
477 2488 582 2541 eadent
601 2496 764 2557 agnoscat,
782 2500 887 2557 augeat
913 2500 943 2544 et
962 2501 1062 2548 servet
1084 2493 1116 2546 in

65 2589 219 2635 aeteruum.
262 2580 312 2635 Sic
340 2581 510 2636 credonem
532 2595 590 2652 pro
616 2581 779 2650 gratiarum
808 2584 928 2639 actione
953 2587 1117 2656 persolvo,

65 2672 187 2747 quando
206 2671 284 2727 aliud
302 2686 365 2728 nou
384 2687 519 2743 possum.

133 2766 268 2823 Proinde
285 2766 367 2836 quod
387 2765 444 2820 bas
463 2779 546 2819 meas
566 2762 788 2837 Operationee,
806 2769 908 2839 quales
932 2769 1036 2841 quales
1056 2771 1121 2828 sint

64 2859 278 2934 (operationes
300 2868 385 2915 certe
407 2867 493 2926 sunt,
519 2872 589 2912 nam
607 2859 870 2930 interpretationes
891 2871 941 2916 aut
960 2878 1119 2920 commen.

66 2958 140 3012 taria
157 2971 219 3010 non
237 2953 383 3010 audebam
405 2953 524 3012 dicere,
542 2951 683 3008 conscius
698 2953 771 3008 mihi
787 2969 861 3010 meas
875 2957 1118 3028 suppellectilis),

66 3050 273 3105 illustrissimae
289 3058 346 3104 tuas
366 3047 594 3104 Dominationis
606 3046 729 3102 nomine
742 3047 832 3104 edere
849 3051 1018 3119 voluerim,
1035 3053 1119 3110 nulla

67 3143 124 3200 luit
154 3159 259 3207 cause,
299 3157 389 3215 quam
414 3158 500 3198 meus
523 3157 618 3197 arnor.
660 3140 858 3214 Conpertum
892 3147 972 3200 enim
999 3145 1120 3217 habeo,

68 3251 156 3308 quarn
174 3253 249 3309 pure
272 3246 302 3291 et
323 3246 405 3293 caste
428 3236 546 3291 deamat
565 3252 621 3291 cor
643 3244 729 3290 tuum
751 3252 852 3313 sacras
873 3238 994 3307 literas,
1013 3244 1043 3293 et
1061 3254 1119 3296 cor

66 3346 169 3385 meum
197 3332 253 3397 (ut
280 3329 413 3387 Deborrs
435 3328 538 3385 verbis
564 3331 652 3398 utar)
677 3329 736 3387 hos
755 3330 911 3403 Principes
930 3334 1040 3403 diligat.
1076 3320 1127 3391 Εἰ

68 3440 123 3479 eur
143 3441 205 3480 non
222 3426 365 3493 recitem,
389 3426 472 3498 quod
494 3425 546 3481 bic
569 3426 689 3494 cogito,
708 3427 821 3483 amoris
840 3426 899 3483 mei
918 3427 1009 3496 buius
1029 3444 1121 3497 argu

67 3529 222 3587 mentum,
244 3529 278 3573 ut
296 3520 416 3575 videant
438 3519 480 3590 ii,
504 3519 555 3591 qui
572 3534 726 3577 sacrarum
748 3519 901 3576 literarum
923 3521 1012 3577 titulo
1028 3521 1120 3593 jacti.

68 3619 184 3680 tantur,
204 3623 350 3684 quantum
370 3613 461 3668 distet
479 3611 639 3684 hypocrita
659 3630 675 3667 a
697 3629 773 3668 vero
787 3613 944 3684 theologo.

136 3702 252 3762 Retulit
274 3707 347 3762 olim
364 3709 495 3777 optimus
513 3716 544 3763 et
563 3722 634 3762 rere
647 3707 720 3763 milti
740 3710 771 3763 in
789 3708 914 3766 Christo
932 3708 1120 3765 reverendus

65 3795 160 3855 Pater
182 3812 267 3854 meus
279 3837 292 3870 ,
314 3799 473 3856 dohannesss
500 3800 665 3874 Stupitius,
688 3818 760 3859 oum
775 3804 853 3876 apud
866 3803 1118 3860 Domiuatioum

122 4096 149 4148 l)
176 4096 205 4143 Α.
223 4107 311 4143 nornen
324 4096 454 4147 melanas
