2574 4732
571 299 661 368 1519.
1080 292 1139 361 ult

93 457 238 516 obnoxie.
275 455 349 528 Quo
365 455 416 522 fit,
434 463 468 512 ut
485 455 574 511 bonae
594 456 689 511 litere
708 459 740 508 et
760 450 883 508 omnino
902 469 953 518 es,
973 468 1039 524 ques
1060 451 1141 523 inge.

92 556 199 609 nicet
226 551 394 606 eruditione
416 558 575 619 constant,
605 565 676 603 cunr
702 549 783 614 sint,
818 548 882 601 sine'
909 552 1142 618 controversia,

93 648 226 719 optime,
256 655 289 701 et
317 647 432 718 optimo
461 659 496 698 sc
526 644 668 715 peculiari
703 641 836 696 hominis
862 639 1011 706 officio²)
1038 644 1141 711 digna,

91 756 155 797 nott
177 755 283 812 perum
304 740 453 809 indigeant
470 728 689 792 Mecaenatibus
708 744 738 788 et
760 734 903 803 Augustis
923 736 1004 802 suis,
1029 747 1093 792 tum
1110 744 1142 792 ct

91 833 270 902 Ulyssibua,
297 832 348 904 qui
373 831 533 887 Thersites
557 831 633 885 istos
658 839 780 898 sceptro
806 828 975 898 percutiant
996 828 1142 885 eburneo:

93 924 283 1001 Quibusdam
309 937 341 980 et
360 926 426 981 haec
445 925 633 996 nuncupandi
652 923 730 977 rntio
750 933 815 988 cst,
849 931 881 975 ut
906 921 1034 976 nominis
1057 936 1143 978 aerers

93 1019 188 1074 nitate
216 1019 329 1075 donent
359 1016 496 1088 fameque
520 1017 676 1072 celebrent
706 1033 784 1082 eos,
814 1016 850 1069 ad
883 1031 961 1086 qnos
990 1018 1149 1089 scribunt,

93 1113 157 1168 boo
184 1112 272 1168 simul
296 1120 489 1183 spectantes,
517 1127 579 1182 quo
605 1119 746 1182 posteros
778 1110 912 1180 ejusdem
936 1109 1055 1164 virtutis
1082 1111 1144 1165 ani.

93 1215 179 1262 ruent
196 1216 405 1277 exacuentque
421 1205 579 1275 exemplo,
599 1205 680 1276 quod
699 1203 827 1258 laudant.
854 1202 1015 1258 Nonnullis
1034 1218 1144 1274 scopus

96 1298 122 1355 is
143 1306 206 1367 est,
234 1306 268 1352 ut
289 1298 513 1366 gratificentur,
533 1309 562 1352 ct
582 1309 736 1367 utcunque
753 1297 850 1351 vicrrn
868 1296 1032 1369 rependant
1055 1296 1145 1350 bene.

95 1380 174 1460 ficil',
201 1378 598 1463 testatumqnsrclinqnant
623 1401 742 1460 gratum
766 1390 898 1445 animum
917 1391 971 1456 iis,
994 1407 1010 1444 a
1034 1389 1145 1462 quibus

96 1495 167 1541 suut
183 1485 261 1542 bene
280 1485 407 1554 accepti.
1040 1472 1044 1486 ’

106 1590 109 1595 ·
163 1577 245 1635 Mihi
263 1594 357 1647 vero,
374 1578 573 1633 illustrissime
589 1576 755 1647 Princeps,
773 1577 851 1632 nulla
870 1576 978 1631 harum
995 1576 1146 1631 rationum

96 1674 237 1745 suppetit·
271 1671 425 1732 Primum,
455 1673 524 1741 quia
546 1686 608 1724 non
628 1672 764 1738 ignorem
790 1671 858 1724 talis
882 1687 941 1724 non
965 1686 1056 1730 esser
1080 1680 1146 1741 qua

95 1767 228 1834 molior,
251 1775 286 1820 ut
304 1774 464 1836 patronum
483 1774 677 1829 mereantur,
703 1770 734 1816 et
751 1763 780 1817 in
797 1764 855 1817 bac
871 1772 954 1835 parte
974 1779 1033 1817 non
1051 1762 1149 1817 infeli·
1233 1776 1237 1785 ’

97 1859 175 1913 citer
194 1857 317 1918 huben,
338 1857 420 1928 quod
437 1854 515 1909 hanc
534 1857 639 1910 saltem
661 1855 809 1910 inscitiam
827 1871 1007 1910 meam-non
1026 1856 1145 1924 ignoro.

100 1947 193 2023 Quod
209 1950 235 2005 si
249 1949 285 2016 b)
316 1950 446 2003 nrsximc
471 1957 613 2020 prestere
639 1952 786 2021 possem
813 1951 894 2022 quod
925 1952 1147 2022 nuncupatione

97 2044 221 2112 dignum
241 2049 336 2110 esset,
367 2057 465 2112 neque
489 2042 535 2096 sio
557 2041 662 2100 anxius
684 2060 751 2100 esse
772 2044 899 2113 vellem,
931 2054 1147 2116 quo-petrono

97 2147 281 2193 servaretur.
319 2135 402 2211 Quin
418 2142 577 2207 postquam
597 2154 613 2190 e
631 2139 726 2192 sacris
744 2137 840 2194 literis
858 2138 967 2205 didici,
996 2137 1149 2209 quamsit

97 2248 147 2288 res
171 2240 290 2287 terrore
312 2239 343 2285 et
363 2229 505 2300 periculis
524 2230 608 2300 plena
628 2232 659 2286 in
678 2229 816 2289 Ecclesia
838 2232 900 2287 Dei
919 2248 1050 2295 sonare,
1065 2240 1096 2286 et
1116 2234 1165 2307 iu⁵

97 2340 204 2382 eorum
226 2325 327 2381 medio
357 2323 464 2395 loqui,
500 2339 576 2393 quos
609 2325 689 2380 scies
720 2327 749 2381 in
775 2326 942 2381 novissimo
967 2326 1073 2396 judicii
1099 2327 1148 2382 die

95 2421 211 2488 judices
224 2428 296 2474 tuos
315 2419 453 2484 futuros,
471 2416 564 2486 (nam
584 2418 642 2472 hos
657 2430 818 2489 praesentes
838 2420 1072 2475 calumniatores
1086 2437 1149 2477 non

99 2512 140 2565 its
168 2515 313 2579 metuo),
343 2509 482 2583 atquc0)
513 2522 660 2580 presente
684 2512 857 2582 inspectore
890 2515 1025 2567 omnium
1056 2513 1148 2580 Deo,

98 2603 303 2673 spectantibus
337 2605 486 2671 Angelis,
527 2604 697 2659 videntibus
731 2615 762 2658 et
798 2605 988 2659 audientibus
1029 2606 1149 2660 cunctis

98 2696 263 2762 creaturis,
295 2705 325 2749 et
342 2697 382 2748 ed
406 2696 534 2750 verbum
553 2696 612 2750 Dei
640 2711 726 2750 aures
750 2697 950 2763 arrigentibus
979 2697 1048 2760 (sic
1068 2698 1149 2753 enim

101 2797 148 2843 est
165 2774 258 2854 tasi)
286 2787 430 2855 credere,
456 2787 555 2841 omnis
581 2788 715 2842 revereri
734 2788 862 2842 verbum
882 2788 960 2855 Dei,
989 2805 1043 2859 per
1067 2791 1150 2859 quod

93 2882 178 2936 'fucta
196 2891 283 2946 sunt,
303 2889 412 2952 praeter
430 2879 585 2935 bominem
602 2889 634 2933 et
653 2878 828 2948 diabolum,
846 2882 898 2952 qui
921 2897 975 2951 per
993 2882 1150 2950 ingratitu-
1211 2882 1214 2888 '

99 2976 199 3030 dinem
222 2973 486 3040 obsurduerunt):
511 2968 584 3026 nihil
606 2972 747 3042 profecto
768 2971 861 3040 magis
880 2974 1028 3042 optarim,
1058 2990 1149 3045 quam

98 3069 274 3126 silentium,
301 3075 366 3121 tum
389 3065 551 3132 omuibus,
574 3072 639 3137 ques
660 3080 792 3136 unquam
818 3065 954 3134 effutivi,
982 3069 1147 3138 spongiam.

98 3161 221 3216 Durum
238 3171 284 3217 est
300 3157 338 3226 e)
356 3169 386 3214 et
405 3160 592 3215 horrendum
607 3159 676 3213 Deo
695 3158 822 3212 reddere
841 3159 990 3213 rationem
1011 3161 1048 3215 de
1064 3162 1148 3219 omui
1256 3159 1259 3165 ’

100 3255 201 3309 otioso
220 3253 327 3308 verbo.
352 3243 473 3325 'Neque
495 3255 575 3308 enim
597 3268 645 3306 me
667 3252 696 3307 in
717 3249 817 3306 officio
838 3251 923 3308 verbi
943 3252 1071 3324 retinet,
1090 3253 1146 3312 nisi

100 3349 220 3415 aliene,
250 3349 312 3402 imo
336 3346 441 3402 divinas
467 3346 631 3402 voluntatis
658 3345 849 3403 obedientia:
873 3361 941 3403 mea
968 3347 1144 3416 uoluente,

153 3636 185 3681 a)
212 3625 488 3686 Aetnenoiiiltoru.

153 3708 184 3756 b)
213 3707 377 3763 lul-qum
441 3708 444 3715 '
577 3696 582 3702 ’

154 3788 185 3835 c)
212 3784 330 3836 n.÷is.

155 3863 186 3911 dl
213 3860 297 3909 Mas
315 3872 358 3910 est.

155 3944 184 3990 el
215 3942 234 3986 Δ
260 3964 289 3974 -
307 3953 354 3989 ert.

183 4018 253 4099 bil.
275 4018 302 4089 1.
