2574 4732
532 341 623 413 1519.
1043 347 1105 419 259

55 495 216 568 mam⁸)‚
242 500 296 557 aed
317 500 403 571 cujac
429 499 517 561 mihi⁴
536 502 633 558 aimiie
648 498 744 568 (noe
764 502 916 573 mentior)
941 507 970 561 in
997 521 1104 564 manue

56 610 119 650 aon
141 595 224 651 veait
251 596 550 666 theologiciasimum.
594 594 676 650 Ecce
696 596 801 653 mitto:
830 600 984 668 poeditebit
1004 613 1104 657 autem

55 689 229 757 miecionie,
260 690 285 746 si
310 691 498 760 indiiigenter
523 688 641 760 tegeris.
677 687 759 745 Ecce
782 689 927 748 Erasmus
943 697 1107 753 eraditisei.

29 798 142 852 ,maa,
162 763 220 838 aaa
236 800 306 838 cum
327 784 382 839 sibi
404 786 607 842 laudatissimo
623 784 826 855 Hieronymo,
858 788 960 842 nescio
984 804 1019 842 an
1038 806 1108 861 poe.
1146 795 1149 800 '

56 887 125 933 rent
150 878 241 931 talem
270 893 476 948 componere:
511 895 571 936 non
599 880 808 950 ccmpoauisse
842 897 895 936 eoa
923 881 1014 936 talem
1042 899 1108 939 cer.

56 978 108 1027 tae
127 987 204 1027 euim

140 1065 260 1137 Septem
286 1063 425 1123 Psalmoa
454 1082 511 1135 ego
538 1082 598 1120 non
624 1063 744 1134 habac,
773 1067 826 1121 aed
854 1067 1109 1137 chalcographus:

58 1170 167 1213 verum
183 1159 269 1214 vaide
282 1160 374 1218 noio,
395 1177 448 1215 eos
470 1161 582 1231 cupias.
625 1159 698 1213 Sunt
718 1159 797 1214 enim
817 1177 878 1215 non
902 1166 958 1232 pro
977 1160 1112 1217 delicatia

58 1252 201 1319 ingeniis,
229 1254 281 1309 aed
309 1271 366 1324 pro
393 1255 579 1320 tardissime,
608 1253 710 1323 quales
738 1254 835 1325 patior
866 1257 996 1322 multoe,
1027 1254 1111 1310 editi.

61 1344 136 1400 Ideo
166 1345 246 1400 enim
280 1358 351 1402 eant
376 1358 438 1403 tam
472 1349 624 1415 inermes,
668 1358 699 1403 et
727 1348 791 1404 aine
822 1340 1004 1405 teatimoniia
1034 1349 1114 1404 Scri.
1155 1420 1158 1427 1

60 1447 183 1508 pturae,
210 1442 315 1497 deinde
342 1442 580 1510 verbosissime,
606 1451 637 1496 et
666 1441 769 1512 (qaod
804 1442 866 1511 ipse
887 1441 1003 1509 miror)
1037 1454 1114 1496 non.

61 1533 133 1588 dum
154 1535 226 1591 aetia
246 1535 377 1592 verbose
402 1537 559 1613 expianati.
599 1535 682 1588 Adeo
706 1551 755 1591 rea
781 1535 837 1589 ieta
863 1545 908 1591 eet
935 1534 1110 1593 hominibus

61 1626 178 1697 ignota,
197 1629 245 1684 vei
264 1631 367 1703 potius
385 1630 439 1700 ipsi
462 1644 569 1684 eorum
588 1627 756 1698 incapaces.
792 1627 887 1696 Igitur
907 1645 967 1684 non
989 1639 1035 1684 eet
1052 1629 1115 1683 ani.

61 1735 118 1777 mae
139 1732 214 1785 tuae,
245 1723 347 1778 cibum
371 1723 491 1778 bisant
516 1732 563 1776 ter
587 1734 786 1789 praemansum
807 1722 988 1791 comedere,
1018 1723 1114 1793 qualis

62 1813 119 1869 iate
137 1825 194 1871 est.
1114 1814 1116 1819 ¹

132 1907 232 1965 Habes
254 1918 317 1978 eat,
342 1910 368 1965 ai
388 1908 489 1976 voles,
523 1908 553 1962 in
572 1907 725 1978 opusculis
745 1908 809 1978 jam
835 1908 935 1964 dictim
972 1908 1113 1983 Quodsi

62 2017 125 2055 nea
144 2001 209 2056 hec
235 2003 307 2058 aatie
333 2014 422 2069 eum,
456 2001 588 2057 obaecrc
606 2000 692 2055 trade
712 2011 742 2054 te
764 2000 855 2071 mihi,
882 2002 929 2057 vei
948 2002 1036 2057 unica
1055 2004 1114 2059 hac

61 2096 147 2163 vice,
173 2095 350 2165 credulum,
374 2106 404 2151 et
423 2096 534 2150 librum
554 2110 729 2150 sermonum
752 2094 898 2164 Tauleri,
930 2096 967 2151 de
994 2113 1055 2168 quo
1082 2109 1114 2154 et

61 2200 147 2246 antea
166 2190 219 2247 tibi
242 2191 370 2247 verbnm
392 2192 468 2260 teci,
487 2190 540 2246 tibi
559 2205 676 2261 quaqua
695 2192 809 2261 poteris
832 2192 966 2247 vendica.
1002 2192 1114 2248 vendi.

62 2284 144 2339 cabia
163 2293 262 2341 autem
280 2285 367 2342 facile
390 2275 483 2358 epeia
503 2284 665 2341 Christiani
684 2285 844 2351 Aur-ificis,
869 2286 1000 2342 hominis
1026 2288 1114 2343 theo.

61 2376 246 2446 iogiciaaimi.
281 2380 344 2436 late
367 2381 446 2435 enim
466 2390 513 2434 eet
534 2378 633 2447 iiber,
656 2376 766 2449 itique
797 2379 930 2447 videbis,
956 2382 1112 2452 quomodo

63 2472 193 2527 eruditio
211 2474 312 2528 aoecuii
331 2474 427 2530 nostri
445 2474 544 2529 ferrea
562 2475 601 2529 eit
613 2504 631 2540 ,-
648 2473 710 2527 imo
736 2484 854 2542 terrea,
880 2475 944 2528 eive
964 2475 1003 2529 eit
1025 2474 1113 2530 Grae.

63 2562 187 2631 citatis,
217 2565 280 2619 eive
307 2564 499 2634 Latinitatis,
530 2567 594 2622 aive
612 2564 817 2633 Hebraitetis‚
850 2567 886 2621 ad
910 2567 991 2623 hanc
1010 2568 1114 2622 eoiidaa

62 2654 183 2725 pietatis
203 2657 413 2711 eruditionem.
447 2659 531 2712 Vale.
1068 2668 1072 2675 '

134 2747 184 2802 De
212 2748 313 2805 libello
338 2749 546 2820 Wimpinianaa
571 2749 838 2818 praedeetinationie
865 2752 945 2806 idem
968 2760 1014 2807 eet
1038 2750 1113 2807 mihi

59 2840 225 2913 judicium,
244 2843 326 2914 quod
350 2842 445 2898 Dect.
462 2844 501 2911 b)
518 2842 710 2907 Carcimedii,
732 2843 794 2898 hcc
817 2848 882 2908 eet,
899 2844 981 2916 quod
1002 2842 1115 2899 fruarr'a

64 2935 236 3006 laboravit,
261 2947 405 3009 quantum
426 2936 461 2991 ad
487 2937 643 2992 materiam
663 2935 770 3009 ipsam.
804 2934 883 2992 Nam
904 2939 941 2993 dc
962 2938 1114 2994 elaborata

63 3030 157 3100 ipaiue
178 3032 338 3101 elegantia,
356 3048 445 3104 qaam
466 3030 576 3087 ibidem
597 3030 768 3097 affectavit,
793 3041 878 3086 taum
898 3033 969 3087 satie
991 3033 1049 3089 erit
1063 3034 1116 3102 ia.

65 3123 186 3180 dicium.
232 3125 313 3181 Nam
335 3127 359 3182 ai
381 3126 470 3181 etiam
492 3140 564 3181 vera
588 3133 668 3180 eeaet
687 3141 739 3180 aaa
763 3125 885 3197 opinio,
912 3142 1001 3197 quam
1023 3143 1114 3182 cona.

64 3226 116 3272 tur
130 3235 285 3289 asserere,
303 3237 365 3276 aon
384 3230 482 3275 tamen
496 3221 526 3276 id
540 3218 672 3276 efficeret
682 3259 692 3288 ,
710 3221 792 3290 quod
813 3236 868 3292 per
886 3236 951 3273 eam
968 3221 1114 3290 quesivit.

721 3311 755 3369 Β.
775 3311 928 3369 Martinus
949 3312 1115 3375 Luthema.

120 3562 153 3616 b)
179 3561 250 3611 ved.
270 3563 334 3617 Jea.
350 3563 494 3618 doctissimi.

70 3634 264 3651 —uu—

121 3674 151 3725 ⁸2
178 3673 226 3722 mie
238 3674 381 3746 jecmaam
395 3673 495 3728 teatinae
509 3674 651 3730 παίουσι
664 3672 745 3725 mide
756 3674 843 3730 ratem
857 3675 998 3730 anatim.
