2574 4732
542 338 630 404 tsts.
1051 338 1111 408 tit

120 493 248 547 artuum
261 482 303 549 iu
316 492 527 543 aurttraert.
541 491 590 542 uu
606 496 628 539 s.
656 490 935 552 sussurrant.
964 493 1070 543 vitea.
1087 496 1108 544 r.

63 582 256 636 mutent
282 582 330 631 ,ut
343 586 365 627 u.
382 580 704 636 umidissimum.
718 580 754 628 5⁰.
770 580 964 634 munima
982 580 1106 633 ttlttut.

64 669 155 719 suu
181 668 448 723 retraximus
476 666 708 719 mataxam.

62 846 282 905 illustrissimo
299 856 329 904 et
344 865 413 904 uere
428 849 543 917 optimo
560 847 710 917 Principi.
732 847 773 902 D.
786 846 944 904 Furto-ico
960 839 1109 921 Ekctori,

134 944 227 999 Sacri
243 945 380 1001 Romani
397 943 525 1014 Imperii
542 940 831 1011 Archimurtcullo,
848 941 930 996 Duci
948 943 1110 1014 amanio,

133 1036 267 1093 Praetidi
286 1037 482 1112 Ylnrriuqioe‚
501 1036 684 1093 Marotiani
701 1035 873 1105 Mummi,
903 1035 1038 1091 Domino
1054 1052 1110 1093 suc

134 1129 374 1201 clementissimo,
390 1130 521 1188 deditum
538 1132 722 1199 mancipium
742 1131 855 1185 Frater
872 1127 980 1186 Mart.
997 1128 1112 1187 Larus

132 1241 188 1283 rus
206 1227 464 1300 Auquttt'niauut,
472 1223 669 1297 felicitatem,
689 1230 718 1281 et
734 1223 877 1299 quicquid
888 1230 989 1295 potest
1006 1223 1111 1280 oratic

127 1318 307 1390 pematcris.

63 1497 202 1608 Accepi,
220 1533 452 1591 clementissime
470 1551 505 1588 ac
523 1532 721 1590 illustrissime
735 1531 899 1603 Princeps,
916 1547 972 1606 per
989 1531 1107 1588 amicis.

61 1630 178 1685 simum
191 1643 293 1682 meum
317 1627 482 1695 Dominum
506 1627 674 1697 Georgium
700 1625 900 1697 spalatinum,
925 1626 1026 1681 literas
1049 1640 1109 1681 una

61 1736 132 1778 cum
152 1723 292 1794 exemplo
312 1722 466 1776 literarum
489 1721 730 1776 reverendissimi
754 1720 880 1775 Domini
901 1718 1031 1776 Thomas
1051 1718 1110 1774 Ca.

56 1816 174 1887 jetaui,
201 1817 279 1873 tituli
299 1815 330 1870 S.
354 1815 430 1869 sixti
455 1814 635 1881 Cardiualis,
666 1815 749 1869 Sedis
775 1813 957 1884 Apostolicae
984 1812 1108 1882 Legati,

63 1911 218 1966 voluntate
234 1909 441 1964 illustrissima
453 1907 677 1962 Dominationis
692 1917 749 1963 tun
763 1909 859 1962 adme
875 1906 986 1962 misso:
1005 1907 1108 1978 accepi

60 2011 213 2085 autemoet
230 2011 406 2056 reverenter
424 2011 455 2057 et
474 1999 621 2057 hilariter.
655 2000 751 2057 Video
774 2002 852 2056 enim
874 1999 1108 2072 pulcherrimam

61 2095 158 2152 totius
176 2111 272 2150 causas
288 2110 361 2149 men
380 2096 564 2166 exponenda
582 2095 774 2151 occasionem
795 2094 904 2150 datam.
938 2093 1037 2149 Unum
1056 2109 1108 2149 so.

61 2189 124 2244 lum
149 2188 186 2243 ab
209 2189 407 2245 illustrissima
433 2189 615 2244 celsitudine
637 2200 686 2243 tua
704 2200 844 2260 precatus
865 2189 974 2256 luero,
994 2196 1029 2243 ut
1040 2203 1108 2243 sor.

64 2281 165 2337 (lidum
185 2282 267 2338 hunc
291 2293 321 2337 et
340 2284 509 2338 mendicum
529 2283 725 2338 fraterculum
740 2283 882 2354 splendor
896 2283 1106 2351 magnitudinis

63 2383 120 2430 tuae
138 2377 370 2432 clementissime
392 2378 503 2432 toleret
521 2376 746 2432 balbutientem.

127 2470 263 2525 Prinuun
281 2487 353 2525 vere
371 2472 478 2527 scribit
495 2472 679 2526 reverendus
700 2470 852 2526 Dominus
870 2469 1034 2525 Cardinalis
1055 2484 1106 2521 me

60 2563 144 2618 salvo
164 2565 317 2619 conductu
341 2565 473 2619 voluisse
496 2565 604 2619 muniri
629 2581 727 2618 tneum
747 2566 888 2631 Augustae
908 2562 1106 2634 praeentiam.
1183 2608 1190 2631 ,

59 2655 170 2727 Neque
198 2656 226 2710 id
256 2655 314 2710 ieci
337 2668 387 2710 aut
408 2672 478 2711 meo
500 2666 550 2711 aut
572 2659 778 2713 illustrissima
799 2655 1023 2710 Dominationis
1047 2664 1105 2708 tuas

61 2748 209 2816 consilio,
227 2749 280 2803 sed
297 2750 463 2804 amicorum
480 2751 664 2819 singulorum
684 2760 714 2803 et
735 2751 888 2816 omniunt,
915 2749 1023 2819 quibus
1043 2747 1108 2800 fue.

60 2859 126 2898 ram
152 2843 245 2898 literis
268 2843 512 2897 commendatus:
540 2853 668 2915 excepto
692 2859 768 2911 uno,
791 2840 948 2910 magnifico
971 2839 1107 2896 Domino

60 2936 184 2992 Urbano
203 2945 344 3003 oratore,
372 2936 422 3006 qui
445 2936 528 2992 solus
546 2936 649 3012 multis
665 2935 767 2992 verbis
786 2937 935 2999 dissuasit.
982 2935 1038 2990 Sed
1055 2951 1107 2988 ne.

60 3046 146 3088 cesse
162 3031 218 3086 fuit
235 3030 308 3084 mibi
317 3069 329 3098 ,
346 3038 380 3085 ut
400 3044 504 3086 omnes
519 3030 691 3101 praeferrem
711 3030 772 3097 uni,
788 3042 844 3100 ne,
864 3030 887 3084 si
904 3029 975 3102 quid
992 3039 1106 3084 temere

61 3125 134 3179 mihi
163 3125 355 3192 contigisset,
381 3139 430 3178 me
450 3125 648 3180 contemsisse
665 3123 835 3180 scriberent
855 3134 884 3178 et
901 3125 1106 3179 illustrissimus

60 3217 283 3273 Domiuationis
308 3228 365 3272 tuas
386 3219 677 3274 commendationem
699 3227 728 3273 et
747 3218 881 3289 ipsorum
904 3217 1105 3273 fidelissimam

62 3327 196 3382 operans.
238 3312 355 3366 Deinde
380 3328 440 3367 non
467 3313 612 3384 capitosi,
645 3314 697 3367 sed
721 3312 863 3367 naturalis
889 3312 1013 3366 affectus
1041 3324 1105 3382 est,

42 3405 172 3481 ,multos
196 3404 366 3460 Germanos
383 3418 468 3460 antea
486 3407 625 3475 cognitos
645 3416 734 3478 atque
753 3407 814 3460 vita
833 3416 862 3459 et
880 3407 1040 3460 autoritate
1056 3423 1107 3461 ce.

60 3496 196 3553 lebrcsa
223 3515 271 3551 me
293 3498 447 3553 Germano
473 3500 606 3571 praeierri
633 3501 683 3554 uui
704 3496 791 3555 Italo.
835 3498 901 3571 ipsa
922 3499 1002 3554 enim
1024 3499 1105 3554 natio

60 3600 91 3645 st
115 3590 275 3647 multitudo
304 3607 370 3659 me,
398 3608 506 3662 spero,
526 3594 693 3663 justissime
716 3592 921 3660 excusabunt,
938 3608 976 3647 ne
991 3593 1106 3648 Orator

59 3684 109 3739 ille
124 3685 274 3740 Dominus
291 3686 464 3755 magnificus
481 3702 513 3741 se
529 3704 544 3741 a
559 3704 607 3742 me
625 3697 812 3743 contemtum
830 3688 925 3757 possit
944 3684 1071 3740 causari.

128 3776 200 3833 Non
219 3795 291 3847 ergo
311 3792 381 3846 tua,
399 3780 599 3835 illustrissime
616 3781 784 3853 Princeps,
802 3780 960 3835 diffidentia
980 3794 1105 3847 arguett.

59 3873 96 3928 da
124 3873 196 3936 fuit,
228 3874 289 3928 imo
314 3874 380 3945 plus
403 3875 442 3949 iu!
456 3876 741 3930 reverendissimum
766 3873 934 3928 Dominum
958 3870 1106 3939 Legatum

60 3966 208 4022 conlisum
231 3976 294 4034 est,
314 3983 403 4039 quam
419 3978 613 4038 speraverant
631 3969 733 4029 amici,
761 3968 851 4021 itaut
871 3980 968 4018 meam
986 3962 1106 4017 temeri.

57 4070 152 4115 tatem
168 4060 367 4130 mirarentur,
386 4075 439 4116 seu
453 4057 468 4128 (
478 4070 511 4114 ut
529 4062 585 4132 ipsi
602 4058 813 4126 honorabant)
834 4055 1002 4126 audaciam,
1022 4057 1104 4130 quod
