<?xml version="1.0" encoding="UTF-8"?>
<!DOCTYPE html PUBLIC "-//W3C//DTD XHTML 1.0 Transitional//EN"
    "http://www.w3.org/TR/xhtml1/DTD/xhtml1-transitional.dtd">
<html xmlns="http://www.w3.org/1999/xhtml" xml:lang="en" lang="en">
 <head>
  <title>
</title>
<meta http-equiv="Content-Type" content="text/html;charset=utf-8" />
  <meta name='ocr-system' content='tesseract 3.04.00' />
  <meta name='ocr-capabilities' content='ocr_page ocr_carea ocr_par ocr_line ocrx_word'/>
</head>
<body>
  <div class='ocr_page' id='page_1' title='image "./briefesendschre04luthgoog/briefesendschre04luthgoog_0430.png"; bbox 0 0 2574 4732; ppageno 0'>
   <div class='ocr_carea' id='block_1_1' title="bbox 1086 323 1145 391">
    <p class='ocr_par' dir='ltr' id='par_1_1' title="bbox 1086 323 1145 391">
     <span class='ocr_line' id='line_1_1' title="bbox 1086 323 1145 391; baseline -0.017 -3"><span class='ocrx_word' id='word_1_1' title='bbox 1086 323 1145 391; x_wconf 75' lang='lat' dir='ltr'><strong>sot</strong></span> 
     </span>
    </p>
   </div>
   <div class='ocr_carea' id='block_1_2' title="bbox 95 473 1149 735">
    <p class='ocr_par' dir='ltr' id='par_1_2' title="bbox 95 473 1149 735">
     <span class='ocr_line' id='line_1_2' title="bbox 98 473 1147 548; baseline -0.004 -13"><span class='ocrx_word' id='word_1_2' title='bbox 98 489 182 535; x_wconf 90' lang='lat' dir='ltr'><strong>tuum</strong></span> <span class='ocrx_word' id='word_1_3' title='bbox 210 489 240 534; x_wconf 90' lang='lat' dir='ltr'><strong>et</strong></span> <span class='ocrx_word' id='word_1_4' title='bbox 268 486 408 544; x_wconf 85' lang='lat' dir='ltr'><strong>tuorum,</strong></span> <span class='ocrx_word' id='word_1_5' title='bbox 435 493 512 548; x_wconf 86' lang='lat' dir='ltr'><strong>qnos</strong></span> <span class='ocrx_word' id='word_1_6' title='bbox 540 473 714 542; x_wconf 82' lang='lat' dir='ltr'><strong>tnembras,</strong></span> <span class='ocrx_word' id='word_1_7' title='bbox 743 489 831 545; x_wconf 85' lang='lat' dir='ltr'><strong>posse</strong></span> <span class='ocrx_word' id='word_1_8' title='bbox 860 475 1001 531; x_wconf 88' lang='lat' dir='ltr'><strong>videlieet</strong></span> <span class='ocrx_word' id='word_1_9' title='bbox 1027 491 1147 531; x_wconf 84' lang='lat' dir='ltr'><strong>sacram</strong></span> 
     </span>
     <span class='ocr_line' id='line_1_3' title="bbox 99 568 1149 642; baseline -0.005 -14"><span class='ocrx_word' id='word_1_10' title='bbox 99 575 281 642; x_wconf 79' lang='lat' dir='ltr'>theologiam</span> <span class='ocrx_word' id='word_1_11' title='bbox 304 575 366 626; x_wconf 90' lang='lat' dir='ltr'><strong>sine</strong></span> <span class='ocrx_word' id='word_1_12' title='bbox 388 572 555 626; x_wconf 85' lang='lat' dir='ltr'><strong>offensione</strong></span> <span class='ocrx_word' id='word_1_13' title='bbox 574 568 749 640; x_wconf 80' lang='lat' dir='ltr'><strong>pontificum</strong></span> <span class='ocrx_word' id='word_1_14' title='bbox 767 568 881 622; x_wconf 87' lang='lat' dir='ltr'><strong>doceri.</strong></span> <span class='ocrx_word' id='word_1_15' title='bbox 918 571 1072 640; x_wconf 79' lang='lat' dir='ltr'><strong>Scriptura</strong></span> <span class='ocrx_word' id='word_1_16' title='bbox 1093 586 1149 640; x_wconf 90' lang='lat' dir='ltr'><strong>po.</strong></span> 
     </span>
     <span class='ocr_line' id='line_1_4' title="bbox 95 662 1149 735; baseline -0.005 -12"><span class='ocrx_word' id='word_1_17' title='bbox 95 670 245 723; x_wconf 77' lang='lat' dir='ltr'>tissimum</span> <span class='ocrx_word' id='word_1_18' title='bbox 265 683 422 722; x_wconf 87' lang='lat' dir='ltr'><strong>sacrorum</strong></span> <span class='ocrx_word' id='word_1_19' title='bbox 443 665 569 719; x_wconf 87' lang='lat' dir='ltr'><strong>abusum</strong></span> <span class='ocrx_word' id='word_1_20' title='bbox 586 662 798 734; x_wconf 76' lang='lat' dir='ltr'><strong>persequitur,</strong></span> <span class='ocrx_word' id='word_1_21' title='bbox 826 663 907 731; x_wconf 91' lang='lat' dir='ltr'><strong>quod</strong></span> <span class='ocrx_word' id='word_1_22' title='bbox 925 680 986 717; x_wconf 90' lang='lat' dir='ltr'><strong>non</strong></span> <span class='ocrx_word' id='word_1_23' title='bbox 1004 672 1149 735; x_wconf 87' lang='lat' dir='ltr'><strong>poterunt</strong></span> 
     </span>
    </p>
   </div>
   <div class='ocr_carea' id='block_1_3' title="bbox 95 761 1151 922">
    <p class='ocr_par' dir='ltr' id='par_1_3' title="bbox 95 761 1151 922">
     <span class='ocr_line' id='line_1_5' title="bbox 95 761 433 832; baseline -0.012 -15"><span class='ocrx_word' id='word_1_24' title='bbox 95 761 254 832; x_wconf 85' lang='lat' dir='ltr'><strong>pontifices</strong></span> <span class='ocrx_word' id='word_1_25' title='bbox 273 761 433 814; x_wconf 87' lang='lat' dir='ltr'><strong>sustinere.</strong></span> 
     </span>
     <span class='ocr_line' id='line_1_6' title="bbox 163 846 1151 922; baseline -0.002 -14"><span class='ocrx_word' id='word_1_26' title='bbox 163 855 231 922; x_wconf 86' lang='lat' dir='ltr'><strong>Ego</strong></span> <span class='ocrx_word' id='word_1_27' title='bbox 259 853 367 907; x_wconf 84' lang='lat' dir='ltr'><strong>tradidi</strong></span> <span class='ocrx_word' id='word_1_28' title='bbox 399 862 428 906; x_wconf 92' lang='lat' dir='ltr'><strong>et</strong></span> <span class='ocrx_word' id='word_1_29' title='bbox 450 852 545 907; x_wconf 89' lang='lat' dir='ltr'><strong>obtuli</strong></span> <span class='ocrx_word' id='word_1_30' title='bbox 568 868 635 918; x_wconf 89' lang='lat' dir='ltr'><strong>me,</strong></span> <span class='ocrx_word' id='word_1_31' title='bbox 661 850 690 904; x_wconf 93' lang='lat' dir='ltr'><strong>in</strong></span> <span class='ocrx_word' id='word_1_32' title='bbox 714 849 841 904; x_wconf 88' lang='lat' dir='ltr'><strong>nomine</strong></span> <span class='ocrx_word' id='word_1_33' title='bbox 856 846 998 903; x_wconf 71' lang='lat' dir='ltr'><strong>Dominis</strong></span> <span class='ocrx_word' id='word_1_34' title='bbox 1024 847 1073 902; x_wconf 86' lang='lat' dir='ltr'><strong>liat</strong></span> <span class='ocrx_word' id='word_1_35' title='bbox 1094 866 1151 906; x_wconf 80' lang='lat' dir='ltr'><strong>vo-</strong></span> 
     </span>
    </p>
   </div>
   <div class='ocr_carea' id='block_1_4' title="bbox 10 944 1148 1020">
    <p class='ocr_par' dir='ltr' id='par_1_4' title="bbox 10 944 1148 1020">
     <span class='ocr_line' id='line_1_7' title="bbox 10 944 1148 1020; baseline -0.003 -17"><span class='ocrx_word' id='word_1_36' title='bbox 10 954 15 964; x_wconf 86' lang='lat'><em>&#39;</em></span> <span class='ocrx_word' id='word_1_37' title='bbox 95 949 193 1003; x_wconf 86' lang='lat' dir='ltr'><strong>luntas</strong></span> <span class='ocrx_word' id='word_1_38' title='bbox 210 948 283 1016; x_wconf 89' lang='lat' dir='ltr'><strong>ejus.</strong></span> <span class='ocrx_word' id='word_1_39' title='bbox 320 946 397 1020; x_wconf 83' lang='lat' dir='ltr'><strong>Quis</strong></span> <span class='ocrx_word' id='word_1_40' title='bbox 417 947 535 1015; x_wconf 85' lang='lat' dir='ltr'><strong>rogavit</strong></span> <span class='ocrx_word' id='word_1_41' title='bbox 554 963 640 1011; x_wconf 88' lang='lat' dir='ltr'><strong>eum,</strong></span> <span class='ocrx_word' id='word_1_42' title='bbox 659 955 692 1000; x_wconf 93' lang='lat' dir='ltr'><strong>ut</strong></span> <span class='ocrx_word' id='word_1_43' title='bbox 711 961 759 998; x_wconf 90' lang='lat' dir='ltr'><strong>me</strong></span> <span class='ocrx_word' id='word_1_44' title='bbox 780 945 940 998; x_wconf 89' lang='lat' dir='ltr'><strong>doctorem</strong></span> <span class='ocrx_word' id='word_1_45' title='bbox 963 949 1103 997; x_wconf 72' lang='lat' dir='ltr'><strong>crearet?</strong></span> <span class='ocrx_word' id='word_1_46' title='bbox 1122 944 1148 1002; x_wconf 86' lang='lat' dir='ltr'><strong>si</strong></span> 
     </span>
    </p>
   </div>
   <div class='ocr_carea' id='block_1_5' title="bbox 87 1036 1202 3740">
    <p class='ocr_par' dir='ltr' id='par_1_5' title="bbox 94 1036 1150 1677">
     <span class='ocr_line' id='line_1_8' title="bbox 95 1036 1149 1107; baseline -0.001 -10"><span class='ocrx_word' id='word_1_47' title='bbox 95 1042 227 1107; x_wconf 85' lang='lat' dir='ltr'><strong>creavit,</strong></span> <span class='ocrx_word' id='word_1_48' title='bbox 244 1039 354 1094; x_wconf 86' lang='lat' dir='ltr'><strong>habeat</strong></span> <span class='ocrx_word' id='word_1_49' title='bbox 369 1040 445 1107; x_wconf 85' lang='lat' dir='ltr'><strong>sibi,</strong></span> <span class='ocrx_word' id='word_1_50' title='bbox 463 1051 514 1094; x_wconf 85' lang='lat' dir='ltr'><strong>aut</strong></span> <span class='ocrx_word' id='word_1_51' title='bbox 535 1057 640 1095; x_wconf 84' lang='lat' dir='ltr'><strong>rursus</strong></span> <span class='ocrx_word' id='word_1_52' title='bbox 658 1044 808 1106; x_wconf 78' lang='lat' dir='ltr'><strong>destruat,</strong></span> <span class='ocrx_word' id='word_1_53' title='bbox 827 1038 852 1092; x_wconf 86' lang='lat' dir='ltr'><strong>si</strong></span> <span class='ocrx_word' id='word_1_54' title='bbox 873 1036 997 1107; x_wconf 90' lang='lat' dir='ltr'><strong>poenitet</strong></span> <span class='ocrx_word' id='word_1_55' title='bbox 1016 1053 1149 1096; x_wconf 81' lang='lat' dir='ltr'><strong>creasse.</strong></span> 
     </span>
     <span class='ocr_line' id='line_1_9' title="bbox 94 1131 1150 1200; baseline -0.005 -11"><span class='ocrx_word' id='word_1_56' title='bbox 94 1138 182 1190; x_wconf 80' lang='lat' dir='ltr'><strong>Adeo</strong></span> <span class='ocrx_word' id='word_1_57' title='bbox 205 1151 252 1190; x_wconf 91' lang='lat' dir='ltr'><strong>me</strong></span> <span class='ocrx_word' id='word_1_58' title='bbox 277 1150 338 1189; x_wconf 89' lang='lat' dir='ltr'><strong>non</strong></span> <span class='ocrx_word' id='word_1_59' title='bbox 361 1144 439 1190; x_wconf 89' lang='lat' dir='ltr'><strong>teret</strong></span> <span class='ocrx_word' id='word_1_60' title='bbox 462 1136 518 1189; x_wconf 85' lang='lat' dir='ltr'><strong>ists</strong></span> <span class='ocrx_word' id='word_1_61' title='bbox 539 1134 716 1200; x_wconf 83' lang='lat' dir='ltr'><strong>tribulatio,</strong></span> <span class='ocrx_word' id='word_1_62' title='bbox 743 1145 777 1187; x_wconf 88' lang='lat' dir='ltr'><strong>nt</strong></span> <span class='ocrx_word' id='word_1_63' title='bbox 799 1131 967 1186; x_wconf 81' lang='lat' dir='ltr'><strong>incredibili</strong></span> <span class='ocrx_word' id='word_1_64' title='bbox 991 1131 1058 1185; x_wconf 89' lang='lat' dir='ltr'><strong>sinu</strong></span> <span class='ocrx_word' id='word_1_65' title='bbox 1082 1146 1150 1184; x_wconf 84' lang='lat' dir='ltr'><strong>car.</strong></span> 
     </span>
     <span class='ocr_line' id='line_1_10' title="bbox 94 1227 1149 1298; baseline -0.001 -14"><span class='ocrx_word' id='word_1_66' title='bbox 94 1229 167 1284; x_wconf 86' lang='lat' dir='ltr'><strong>basa</strong></span> <span class='ocrx_word' id='word_1_67' title='bbox 195 1229 297 1283; x_wconf 87' lang='lat' dir='ltr'><strong>cordis</strong></span> <span class='ocrx_word' id='word_1_68' title='bbox 322 1229 380 1283; x_wconf 88' lang='lat' dir='ltr'><strong>mei</strong></span> <span class='ocrx_word' id='word_1_69' title='bbox 413 1229 511 1284; x_wconf 88' lang='lat' dir='ltr'><strong>inllet:</strong></span> <span class='ocrx_word' id='word_1_70' title='bbox 539 1239 571 1282; x_wconf 88' lang='lat' dir='ltr'><strong>ut</strong></span> <span class='ocrx_word' id='word_1_71' title='bbox 589 1229 651 1298; x_wconf 89' lang='lat' dir='ltr'><strong>jam</strong></span> <span class='ocrx_word' id='word_1_72' title='bbox 679 1227 841 1295; x_wconf 78' lang='lat' dir='ltr'><strong>intelligam</strong></span> <span class='ocrx_word' id='word_1_73' title='bbox 863 1227 893 1281; x_wconf 92' lang='lat' dir='ltr'><strong>in</strong></span> <span class='ocrx_word' id='word_1_74' title='bbox 910 1242 958 1281; x_wconf 90' lang='lat' dir='ltr'><strong>me</strong></span> <span class='ocrx_word' id='word_1_75' title='bbox 978 1227 1063 1296; x_wconf 84' lang='lat' dir='ltr'><strong>ipso,</strong></span> <span class='ocrx_word' id='word_1_76' title='bbox 1093 1240 1149 1283; x_wconf 82' lang='lat' dir='ltr'><strong>cun</strong></span> 
     </span>
     <span class='ocr_line' id='line_1_11' title="bbox 95 1318 1150 1393; baseline -0.004 -16"><span class='ocrx_word' id='word_1_77' title='bbox 95 1324 246 1377; x_wconf 87' lang='lat' dir='ltr'><strong>daemones</strong></span> <span class='ocrx_word' id='word_1_78' title='bbox 264 1325 361 1377; x_wconf 85' lang='lat' dir='ltr'><strong>ventis</strong></span> <span class='ocrx_word' id='word_1_79' title='bbox 384 1333 540 1393; x_wconf 74' lang='lat' dir='ltr'><strong>aequentur</strong></span> <span class='ocrx_word' id='word_1_80' title='bbox 560 1323 588 1376; x_wconf 92' lang='lat' dir='ltr'><strong>in</strong></span> <span class='ocrx_word' id='word_1_81' title='bbox 607 1322 772 1389; x_wconf 76' lang='lat' dir='ltr'><strong>Scriptura.</strong></span> <span class='ocrx_word' id='word_1_82' title='bbox 807 1319 891 1374; x_wconf 88' lang='lat' dir='ltr'><strong>Dum</strong></span> <span class='ocrx_word' id='word_1_83' title='bbox 917 1320 996 1374; x_wconf 83' lang='lat' dir='ltr'><strong>enim</strong></span> <span class='ocrx_word' id='word_1_84' title='bbox 1023 1334 1089 1374; x_wconf 90' lang='lat' dir='ltr'><strong>sese</strong></span> <span class='ocrx_word' id='word_1_85' title='bbox 1104 1318 1150 1374; x_wconf 83' lang='lat' dir='ltr'><strong>el.</strong></span> 
     </span>
     <span class='ocr_line' id='line_1_12' title="bbox 95 1413 1149 1487; baseline -0.002 -16"><span class='ocrx_word' id='word_1_86' title='bbox 95 1417 165 1471; x_wconf 87' lang='lat' dir='ltr'><strong>flant</strong></span> <span class='ocrx_word' id='word_1_87' title='bbox 185 1418 331 1485; x_wconf 80' lang='lat' dir='ltr'><strong>furendo,</strong></span> <span class='ocrx_word' id='word_1_88' title='bbox 351 1417 424 1471; x_wconf 88' lang='lat' dir='ltr'><strong>alios</strong></span> <span class='ocrx_word' id='word_1_89' title='bbox 444 1417 542 1471; x_wconf 86' lang='lat' dir='ltr'><strong>inllnnt</strong></span> <span class='ocrx_word' id='word_1_90' title='bbox 562 1416 713 1487; x_wconf 83' lang='lat' dir='ltr'><strong>patiendo.</strong></span> <span class='ocrx_word' id='word_1_91' title='bbox 748 1415 782 1468; x_wconf 93' lang='lat' dir='ltr'><strong>Id</strong></span> <span class='ocrx_word' id='word_1_92' title='bbox 801 1415 900 1469; x_wconf 85' lang='lat' dir='ltr'><strong>solum</strong></span> <span class='ocrx_word' id='word_1_93' title='bbox 918 1429 1013 1482; x_wconf 90' lang='lat' dir='ltr'><strong>curo,</strong></span> <span class='ocrx_word' id='word_1_94' title='bbox 1031 1424 1064 1467; x_wconf 92' lang='lat' dir='ltr'><strong>ut</strong></span> <span class='ocrx_word' id='word_1_95' title='bbox 1081 1413 1149 1469; x_wconf 84' lang='lat' dir='ltr'><strong>Do·</strong></span> 
     </span>
     <span class='ocr_line' id='line_1_13' title="bbox 94 1507 1146 1580; baseline -0.002 -15"><span class='ocrx_word' id='word_1_96' title='bbox 94 1512 193 1566; x_wconf 85' lang='lat' dir='ltr'><strong>minus</strong></span> <span class='ocrx_word' id='word_1_97' title='bbox 216 1513 244 1567; x_wconf 93' lang='lat' dir='ltr'><strong>in</strong></span> <span class='ocrx_word' id='word_1_98' title='bbox 265 1511 360 1577; x_wconf 84' lang='lat' dir='ltr'><strong>meis,</strong></span> <span class='ocrx_word' id='word_1_99' title='bbox 385 1526 459 1580; x_wconf 87' lang='lat' dir='ltr'><strong>quas</strong></span> <span class='ocrx_word' id='word_1_100' title='bbox 477 1511 556 1564; x_wconf 88' lang='lat' dir='ltr'><strong>inter</strong></span> <span class='ocrx_word' id='word_1_101' title='bbox 575 1525 622 1563; x_wconf 89' lang='lat' dir='ltr'><strong>me</strong></span> <span class='ocrx_word' id='word_1_102' title='bbox 642 1520 672 1563; x_wconf 92' lang='lat' dir='ltr'><strong>et</strong></span> <span class='ocrx_word' id='word_1_103' title='bbox 688 1510 785 1579; x_wconf 90' lang='lat' dir='ltr'><strong>ipsum</strong></span> <span class='ocrx_word' id='word_1_104' title='bbox 809 1509 927 1575; x_wconf 87' lang='lat' dir='ltr'><strong>habeo,</strong></span> <span class='ocrx_word' id='word_1_105' title='bbox 952 1508 1050 1563; x_wconf 87' lang='lat' dir='ltr'><strong>causis</strong></span> <span class='ocrx_word' id='word_1_106' title='bbox 1072 1507 1146 1563; x_wconf 85' lang='lat' dir='ltr'><strong>mihi</strong></span> 
     </span>
     <span class='ocr_line' id='line_1_14' title="bbox 94 1603 984 1677; baseline -0.001 -18"><span class='ocrx_word' id='word_1_107' title='bbox 94 1605 132 1660; x_wconf 94' lang='lat' dir='ltr'><strong>sit</strong></span> <span class='ocrx_word' id='word_1_108' title='bbox 151 1605 320 1677; x_wconf 91' lang='lat' dir='ltr'><strong>propitius,</strong></span> <span class='ocrx_word' id='word_1_109' title='bbox 339 1613 427 1674; x_wconf 85' lang='lat' dir='ltr'><strong>atque</strong></span> <span class='ocrx_word' id='word_1_110' title='bbox 446 1603 525 1669; x_wconf 88' lang='lat' dir='ltr'><strong>hoc,</strong></span> <span class='ocrx_word' id='word_1_111' title='bbox 544 1612 578 1657; x_wconf 92' lang='lat' dir='ltr'><strong>ut</strong></span> <span class='ocrx_word' id='word_1_112' title='bbox 596 1613 702 1675; x_wconf 89' lang='lat' dir='ltr'><strong>potes,</strong></span> <span class='ocrx_word' id='word_1_113' title='bbox 716 1604 824 1671; x_wconf 83' lang='lat' dir='ltr'><strong>jnvnre</strong></span> <span class='ocrx_word' id='word_1_114' title='bbox 843 1604 984 1671; x_wconf 85' lang='lat' dir='ltr'><strong>digneris.</strong></span> 
     </span>
    </p>

    <p class='ocr_par' dir='ltr' id='par_1_6' title="bbox 90 1696 1182 2517">
     <span class='ocr_line' id='line_1_15' title="bbox 161 1696 1149 1753; baseline -0.003 0"><span class='ocrx_word' id='word_1_115' title='bbox 161 1698 253 1753; x_wconf 88' lang='lat' dir='ltr'><strong>Istam</strong></span> <span class='ocrx_word' id='word_1_116' title='bbox 281 1713 356 1753; x_wconf 85' lang='lat' dir='ltr'><strong>vero</strong></span> <span class='ocrx_word' id='word_1_117' title='bbox 382 1696 540 1751; x_wconf 87' lang='lat' dir='ltr'><strong>hominurn</strong></span> <span class='ocrx_word' id='word_1_118' title='bbox 566 1713 686 1751; x_wconf 84' lang='lat' dir='ltr'><strong>causam</strong></span> <span class='ocrx_word' id='word_1_119' title='bbox 709 1696 785 1751; x_wconf 89' lang='lat' dir='ltr'><strong>lideli</strong></span> <span class='ocrx_word' id='word_1_120' title='bbox 811 1698 949 1751; x_wconf 86' lang='lat' dir='ltr'><strong>oratione</strong></span> <span class='ocrx_word' id='word_1_121' title='bbox 972 1697 1042 1752; x_wconf 86' lang='lat' dir='ltr'><strong>Deo</strong></span> <span class='ocrx_word' id='word_1_122' title='bbox 1061 1713 1149 1752; x_wconf 90' lang='lat' dir='ltr'><strong>com.</strong></span> 
     </span>
     <span class='ocr_line' id='line_1_16' title="bbox 92 1789 1147 1864; baseline -0.002 -16"><span class='ocrx_word' id='word_1_123' title='bbox 92 1794 272 1859; x_wconf 81' lang='lat' dir='ltr'><strong>mittamus,</strong></span> <span class='ocrx_word' id='word_1_124' title='bbox 304 1800 335 1844; x_wconf 92' lang='lat' dir='ltr'><strong>et</strong></span> <span class='ocrx_word' id='word_1_125' title='bbox 361 1792 459 1846; x_wconf 88' lang='lat' dir='ltr'><strong>securi</strong></span> <span class='ocrx_word' id='word_1_126' title='bbox 487 1791 590 1844; x_wconf 90' lang='lat' dir='ltr'><strong>simus.</strong></span> <span class='ocrx_word' id='word_1_127' title='bbox 639 1789 720 1864; x_wconf 81' lang='lat' dir='ltr'><strong>Quid</strong></span> <span class='ocrx_word' id='word_1_128' title='bbox 745 1790 825 1845; x_wconf 90' lang='lat' dir='ltr'><strong>enim</strong></span> <span class='ocrx_word' id='word_1_129' title='bbox 856 1792 957 1845; x_wconf 86' lang='lat' dir='ltr'><strong>facere</strong></span> <span class='ocrx_word' id='word_1_130' title='bbox 981 1795 1147 1862; x_wconf 72' lang='lat' dir='ltr'><strong>poterunt?</strong></span> 
     </span>
     <span class='ocr_line' id='line_1_17' title="bbox 94 1883 1147 1954; baseline -0.001 -14"><span class='ocrx_word' id='word_1_131' title='bbox 94 1886 265 1942; x_wconf 88' lang='lat' dir='ltr'><strong>Occident?</strong></span> <span class='ocrx_word' id='word_1_132' title='bbox 291 1883 437 1954; x_wconf 90' lang='lat' dir='ltr'><strong>Nunquid</strong></span> <span class='ocrx_word' id='word_1_133' title='bbox 456 1883 697 1950; x_wconf 86' lang='lat' dir='ltr'><strong>resuscitabunt,</strong></span> <span class='ocrx_word' id='word_1_134' title='bbox 715 1895 749 1938; x_wconf 91' lang='lat' dir='ltr'><strong>ut</strong></span> <span class='ocrx_word' id='word_1_135' title='bbox 771 1884 880 1938; x_wconf 90' lang='lat' dir='ltr'><strong>iterum</strong></span> <span class='ocrx_word' id='word_1_136' title='bbox 897 1885 1058 1941; x_wconf 80' lang='lat' dir='ltr'><strong>occidant?</strong></span> <span class='ocrx_word' id='word_1_137' title='bbox 1080 1885 1147 1940; x_wconf 72' lang='lat' dir='ltr'><strong>llas.</strong></span> 
     </span>
     <span class='ocr_line' id='line_1_18' title="bbox 92 1976 1148 2049; baseline 0.003 -18"><span class='ocrx_word' id='word_1_138' title='bbox 92 1978 221 2031; x_wconf 89' lang='lat' dir='ltr'><strong>reticum</strong></span> <span class='ocrx_word' id='word_1_139' title='bbox 242 1976 448 2032; x_wconf 76' lang='lat' dir='ltr'><strong>infamabunt?</strong></span> <span class='ocrx_word' id='word_1_140' title='bbox 468 1979 509 2031; x_wconf 87' lang='lat' dir='ltr'><strong>At</strong></span> <span class='ocrx_word' id='word_1_141' title='bbox 528 1976 667 2032; x_wconf 86' lang='lat' dir='ltr'><strong>Christus</strong></span> <span class='ocrx_word' id='word_1_142' title='bbox 683 1995 752 2032; x_wconf 90' lang='lat' dir='ltr'><strong>cum</strong></span> <span class='ocrx_word' id='word_1_143' title='bbox 772 1976 903 2049; x_wconf 88' lang='lat' dir='ltr'><strong>iniquis,</strong></span> <span class='ocrx_word' id='word_1_144' title='bbox 921 1978 1148 2046; x_wconf 75' lang='lat' dir='ltr'><strong>seductoribus,</strong></span> 
     </span>
     <span class='ocr_line' id='line_1_19' title="bbox 93 2071 1144 2143; baseline 0.002 -17"><span class='ocrx_word' id='word_1_145' title='bbox 93 2071 261 2126; x_wconf 88' lang='lat' dir='ltr'><strong>maledictis</strong></span> <span class='ocrx_word' id='word_1_146' title='bbox 281 2071 437 2126; x_wconf 84' lang='lat' dir='ltr'><strong>damnatus</strong></span> <span class='ocrx_word' id='word_1_147' title='bbox 457 2079 521 2127; x_wconf 87' lang='lat' dir='ltr'><strong>est:</strong></span> <span class='ocrx_word' id='word_1_148' title='bbox 546 2071 611 2143; x_wconf 86' lang='lat' dir='ltr'><strong>ejus</strong></span> <span class='ocrx_word' id='word_1_149' title='bbox 631 2072 802 2143; x_wconf 85' lang='lat' dir='ltr'><strong>passionem</strong></span> <span class='ocrx_word' id='word_1_150' title='bbox 823 2073 847 2127; x_wconf 87' lang='lat' dir='ltr'><strong>si</strong></span> <span class='ocrx_word' id='word_1_151' title='bbox 867 2074 985 2143; x_wconf 87' lang='lat' dir='ltr'><strong>quando</strong></span> <span class='ocrx_word' id='word_1_152' title='bbox 1006 2072 1144 2135; x_wconf 78' lang='lat' dir='ltr'><strong>intueor,</strong></span> 
     </span>
     <span class='ocr_line' id='line_1_20' title="bbox 91 2165 1182 2238; baseline 0.002 -18"><span class='ocrx_word' id='word_1_153' title='bbox 91 2166 167 2220; x_wconf 91' lang='lat' dir='ltr'><strong>mire</strong></span> <span class='ocrx_word' id='word_1_154' title='bbox 188 2181 280 2232; x_wconf 88' lang='lat' dir='ltr'><strong>uror,</strong></span> <span class='ocrx_word' id='word_1_155' title='bbox 308 2165 387 2221; x_wconf 88' lang='lat' dir='ltr'><strong>hanc</strong></span> <span class='ocrx_word' id='word_1_156' title='bbox 405 2182 502 2220; x_wconf 87' lang='lat' dir='ltr'><strong>meam</strong></span> <span class='ocrx_word' id='word_1_157' title='bbox 522 2166 718 2221; x_wconf 85' lang='lat' dir='ltr'><strong>tentationem</strong></span> <span class='ocrx_word' id='word_1_158' title='bbox 736 2182 797 2221; x_wconf 93' lang='lat' dir='ltr'><strong>non</strong></span> <span class='ocrx_word' id='word_1_159' title='bbox 815 2165 916 2221; x_wconf 90' lang='lat' dir='ltr'><strong>solum</strong></span> <span class='ocrx_word' id='word_1_160' title='bbox 937 2166 1064 2238; x_wconf 84' lang='lat' dir='ltr'><strong>aliquid,</strong></span> <span class='ocrx_word' id='word_1_161' title='bbox 1089 2165 1144 2222; x_wconf 84' lang='lat' dir='ltr'><strong>sed</strong></span> <span class='ocrx_word' id='word_1_162' title='bbox 1179 2173 1182 2181; x_wconf 85' lang='grc'><em>“</em></span> 
     </span>
     <span class='ocr_line' id='line_1_21' title="bbox 91 2260 1143 2330; baseline 0 -16"><span class='ocrx_word' id='word_1_163' title='bbox 91 2260 367 2317; x_wconf 80' lang='lat' dir='ltr'><strong>etiammsximant</strong></span> <span class='ocrx_word' id='word_1_164' title='bbox 397 2260 490 2316; x_wconf 89' lang='lat' dir='ltr'><strong>videri</strong></span> <span class='ocrx_word' id='word_1_165' title='bbox 517 2270 576 2319; x_wconf 85' lang='lat' dir='ltr'><strong>tam</strong></span> <span class='ocrx_word' id='word_1_166' title='bbox 602 2262 716 2330; x_wconf 86' lang='lat' dir='ltr'><strong>maguis</strong></span> <span class='ocrx_word' id='word_1_167' title='bbox 740 2271 771 2316; x_wconf 89' lang='lat' dir='ltr'><strong>et</strong></span> <span class='ocrx_word' id='word_1_168' title='bbox 800 2262 918 2330; x_wconf 89' lang='lat' dir='ltr'><strong>multis,</strong></span> <span class='ocrx_word' id='word_1_169' title='bbox 945 2279 1014 2316; x_wconf 89' lang='lat' dir='ltr'><strong>cum</strong></span> <span class='ocrx_word' id='word_1_170' title='bbox 1046 2263 1084 2317; x_wconf 92' lang='lat' dir='ltr'><strong>sit</strong></span> <span class='ocrx_word' id='word_1_171' title='bbox 1110 2277 1143 2315; x_wconf 90' lang='lat' dir='ltr'><strong>re</strong></span> 
     </span>
     <span class='ocr_line' id='line_1_22' title="bbox 90 2354 1145 2428; baseline 0 -19"><span class='ocrx_word' id='word_1_172' title='bbox 90 2371 163 2421; x_wconf 81' lang='lat' dir='ltr'><strong>vera</strong></span> <span class='ocrx_word' id='word_1_173' title='bbox 188 2354 277 2411; x_wconf 88' lang='lat' dir='ltr'><strong>nihil:</strong></span> <span class='ocrx_word' id='word_1_174' title='bbox 309 2355 365 2409; x_wconf 85' lang='lat' dir='ltr'><strong>nisi</strong></span> <span class='ocrx_word' id='word_1_175' title='bbox 400 2355 481 2426; x_wconf 84' lang='lat' dir='ltr'><strong>quod</strong></span> <span class='ocrx_word' id='word_1_176' title='bbox 516 2355 649 2413; x_wconf 86' lang='lat' dir='ltr'><strong>funditus</strong></span> <span class='ocrx_word' id='word_1_177' title='bbox 676 2356 867 2412; x_wconf 87' lang='lat' dir='ltr'><strong>desuevimos</strong></span> <span class='ocrx_word' id='word_1_178' title='bbox 894 2356 1085 2428; x_wconf 81' lang='lat' dir='ltr'><strong>passionibus</strong></span> <span class='ocrx_word' id='word_1_179' title='bbox 1112 2361 1145 2409; x_wconf 86' lang='lat' dir='ltr'><strong>et</strong></span> 
     </span>
     <span class='ocr_line' id='line_1_23' title="bbox 90 2449 1035 2517; baseline 0.004 -14"><span class='ocrx_word' id='word_1_180' title='bbox 90 2451 195 2514; x_wconf 88' lang='lat' dir='ltr'><strong>malis,</strong></span> <span class='ocrx_word' id='word_1_181' title='bbox 213 2451 242 2504; x_wconf 93' lang='lat' dir='ltr'><strong>id</strong></span> <span class='ocrx_word' id='word_1_182' title='bbox 262 2460 323 2517; x_wconf 88' lang='lat' dir='ltr'><strong>est,</strong></span> <span class='ocrx_word' id='word_1_183' title='bbox 343 2449 519 2505; x_wconf 77' lang='lat' dir='ltr'><strong>Christianae</strong></span> <span class='ocrx_word' id='word_1_184' title='bbox 539 2451 617 2506; x_wconf 85' lang='lat' dir='ltr'><strong>vitae.</strong></span> <span class='ocrx_word' id='word_1_185' title='bbox 1033 2457 1035 2461; x_wconf 74' lang='grc'>’</span> 
     </span>
    </p>

    <p class='ocr_par' dir='ltr' id='par_1_7' title="bbox 89 2522 1146 3065">
     <span class='ocr_line' id='line_1_24' title="bbox 159 2522 1143 2615; baseline -0.003 -19"><span class='ocrx_word' id='word_1_186' title='bbox 159 2542 290 2596; x_wconf 87' lang='lat' dir='ltr'><strong>Proinde</strong></span> <span class='ocrx_word' id='word_1_187' title='bbox 307 2546 389 2597; x_wconf 86' lang='lat' dir='ltr'><strong>sine:</strong></span> <span class='ocrx_word' id='word_1_188' title='bbox 407 2552 519 2612; x_wconf 85' lang='lat' dir='ltr'><strong>quanto</strong></span> <span class='ocrx_word' id='word_1_189' title='bbox 537 2543 578 2597; x_wconf 90' lang='lat' dir='ltr'><strong>illi</strong></span> <span class='ocrx_word' id='word_1_190' title='bbox 595 2545 753 2613; x_wconf 88' lang='lat' dir='ltr'><strong>insurgunt</strong></span> <span class='ocrx_word' id='word_1_191' title='bbox 772 2522 935 2615; x_wconf 80' lang='lat' dir='ltr'><strong>potentins,</strong></span> <span class='ocrx_word' id='word_1_192' title='bbox 955 2551 1039 2596; x_wconf 87' lang='lat' dir='ltr'><strong>tanto</strong></span> <span class='ocrx_word' id='word_1_193' title='bbox 1060 2557 1076 2593; x_wconf 85' lang='lat' dir='ltr'><strong>a</strong></span> <span class='ocrx_word' id='word_1_194' title='bbox 1094 2554 1143 2594; x_wconf 82' lang='lat' dir='ltr'><strong>ms</strong></span> 
     </span>
     <span class='ocr_line' id='line_1_25' title="bbox 91 2634 1143 2707; baseline -0.004 -17"><span class='ocrx_word' id='word_1_195' title='bbox 91 2634 225 2690; x_wconf 86' lang='lat' dir='ltr'><strong>ridentur</strong></span> <span class='ocrx_word' id='word_1_196' title='bbox 246 2641 393 2698; x_wconf 83' lang='lat' dir='ltr'><strong>securius.</strong></span> <span class='ocrx_word' id='word_1_197' title='bbox 427 2636 576 2689; x_wconf 84' lang='lat' dir='ltr'><strong>Statutum</strong></span> <span class='ocrx_word' id='word_1_198' title='bbox 599 2647 645 2690; x_wconf 84' lang='lat' dir='ltr'><strong>est</strong></span> <span class='ocrx_word' id='word_1_199' title='bbox 669 2638 745 2707; x_wconf 69' lang='lat' dir='ltr'><strong>aptul</strong></span> <span class='ocrx_word' id='word_1_200' title='bbox 774 2652 845 2699; x_wconf 89' lang='lat' dir='ltr'><strong>me,</strong></span> <span class='ocrx_word' id='word_1_201' title='bbox 873 2636 953 2689; x_wconf 88' lang='lat' dir='ltr'><strong>nolle</strong></span> <span class='ocrx_word' id='word_1_202' title='bbox 979 2635 1143 2706; x_wconf 85' lang='lat' dir='ltr'><strong>quicquam</strong></span> 
     </span>
     <span class='ocr_line' id='line_1_26' title="bbox 90 2727 1143 2796; baseline -0.004 -12"><span class='ocrx_word' id='word_1_203' title='bbox 90 2729 121 2784; x_wconf 90' lang='lat' dir='ltr'><strong>in</strong></span> <span class='ocrx_word' id='word_1_204' title='bbox 144 2727 202 2781; x_wconf 87' lang='lat' dir='ltr'><strong>hac</strong></span> <span class='ocrx_word' id='word_1_205' title='bbox 221 2727 350 2792; x_wconf 86' lang='lat' dir='ltr'><strong>timere,</strong></span> <span class='ocrx_word' id='word_1_206' title='bbox 377 2727 429 2780; x_wconf 87' lang='lat' dir='ltr'><strong>sed</strong></span> <span class='ocrx_word' id='word_1_207' title='bbox 453 2728 552 2780; x_wconf 90' lang='lat' dir='ltr'><strong>omnia</strong></span> <span class='ocrx_word' id='word_1_208' title='bbox 574 2740 782 2782; x_wconf 84' lang='lat' dir='ltr'><strong>contemnere.</strong></span> <span class='ocrx_word' id='word_1_209' title='bbox 821 2727 861 2781; x_wconf 87' lang='lat' dir='ltr'><strong>Et</strong></span> <span class='ocrx_word' id='word_1_210' title='bbox 884 2728 938 2781; x_wconf 86' lang='lat' dir='ltr'><strong>nisi</strong></span> <span class='ocrx_word' id='word_1_211' title='bbox 968 2727 1143 2796; x_wconf 89' lang='lat' dir='ltr'><strong>Principem</strong></span> 
     </span>
     <span class='ocr_line' id='line_1_27' title="bbox 91 2818 1146 2892; baseline 0.002 -18"><span class='ocrx_word' id='word_1_212' title='bbox 91 2836 216 2875; x_wconf 86' lang='lat' dir='ltr'><strong>vererer</strong></span> <span class='ocrx_word' id='word_1_213' title='bbox 234 2818 407 2886; x_wconf 83' lang='lat' dir='ltr'><strong>involvere,</strong></span> <span class='ocrx_word' id='word_1_214' title='bbox 427 2819 593 2890; x_wconf 82' lang='lat' dir='ltr'><strong>apologiam</strong></span> <span class='ocrx_word' id='word_1_215' title='bbox 613 2820 719 2874; x_wconf 72' lang='lat' dir='ltr'><strong>fiducia</strong></span> <span class='ocrx_word' id='word_1_216' title='bbox 738 2821 855 2892; x_wconf 82' lang='lat' dir='ltr'><strong>plenam</strong></span> <span class='ocrx_word' id='word_1_217' title='bbox 873 2821 1012 2888; x_wconf 86' lang='lat' dir='ltr'><strong>ederem,</strong></span> <span class='ocrx_word' id='word_1_218' title='bbox 1031 2836 1146 2892; x_wconf 82' lang='lat' dir='ltr'><strong>provo.</strong></span> 
     </span>
     <span class='ocr_line' id='line_1_28' title="bbox 89 2910 1142 2983; baseline 0 -13"><span class='ocrx_word' id='word_1_219' title='bbox 89 2925 213 2970; x_wconf 88' lang='lat' dir='ltr'><strong>caturns</strong></span> <span class='ocrx_word' id='word_1_220' title='bbox 232 2913 357 2983; x_wconf 88' lang='lat' dir='ltr'><strong>amplius</strong></span> <span class='ocrx_word' id='word_1_221' title='bbox 376 2914 447 2968; x_wconf 85' lang='lat' dir='ltr'><strong>istas</strong></span> <span class='ocrx_word' id='word_1_222' title='bbox 463 2910 639 2982; x_wconf 86' lang='lat' dir='ltr'><strong>Erynnidas,</strong></span> <span class='ocrx_word' id='word_1_223' title='bbox 653 2916 794 2970; x_wconf 86' lang='lat' dir='ltr'><strong>irrisurus</strong></span> <span class='ocrx_word' id='word_1_224' title='bbox 808 2914 1020 2970; x_wconf 90' lang='lat' dir='ltr'><strong>stultissimum</strong></span> <span class='ocrx_word' id='word_1_225' title='bbox 1034 2930 1142 2970; x_wconf 88' lang='lat' dir='ltr'><strong>eorum</strong></span> 
     </span>
     <span class='ocr_line' id='line_1_29' title="bbox 90 3009 353 3065; baseline -0.011 0"><span class='ocrx_word' id='word_1_226' title='bbox 90 3011 227 3065; x_wconf 77' lang='lat' dir='ltr'><strong>furorem</strong></span> <span class='ocrx_word' id='word_1_227' title='bbox 246 3009 274 3062; x_wconf 92' lang='lat' dir='ltr'><strong>in</strong></span> <span class='ocrx_word' id='word_1_228' title='bbox 294 3023 353 3062; x_wconf 84' lang='lat' dir='ltr'><strong>me.</strong></span> 
     </span>
    </p>

    <p class='ocr_par' dir='ltr' id='par_1_8' title="bbox 87 3099 1202 3740">
     <span class='ocr_line' id='line_1_30' title="bbox 156 3099 1142 3175; baseline -0.001 -16"><span class='ocrx_word' id='word_1_229' title='bbox 156 3104 207 3159; x_wconf 89' lang='lat' dir='ltr'><strong>De</strong></span> <span class='ocrx_word' id='word_1_230' title='bbox 237 3103 325 3157; x_wconf 84' lang='lat' dir='ltr'><strong>vidua</strong></span> <span class='ocrx_word' id='word_1_231' title='bbox 353 3118 484 3172; x_wconf 82' lang='lat' dir='ltr'><strong>praesens</strong></span> <span class='ocrx_word' id='word_1_232' title='bbox 511 3111 625 3156; x_wconf 87' lang='lat' dir='ltr'><strong>tecum.</strong></span> <span class='ocrx_word' id='word_1_233' title='bbox 659 3099 800 3175; x_wconf 87' lang='lat' dir='ltr'><strong>Philippo</strong></span> <span class='ocrx_word' id='word_1_234' title='bbox 828 3100 890 3157; x_wconf 85' lang='lat' dir='ltr'><strong>dixi</strong></span> <span class='ocrx_word' id='word_1_235' title='bbox 916 3111 946 3157; x_wconf 91' lang='lat' dir='ltr'><strong>et</strong></span> <span class='ocrx_word' id='word_1_236' title='bbox 968 3103 1044 3171; x_wconf 90' lang='lat' dir='ltr'><strong>legi,</strong></span> <span class='ocrx_word' id='word_1_237' title='bbox 1076 3113 1142 3174; x_wconf 83' lang='lat' dir='ltr'><strong>quae</strong></span> 
     </span>
     <span class='ocr_line' id='line_1_31' title="bbox 89 3196 1142 3270; baseline -0.004 -14"><span class='ocrx_word' id='word_1_238' title='bbox 89 3199 246 3270; x_wconf 82' lang='lat' dir='ltr'><strong>scripsisti.</strong></span> <span class='ocrx_word' id='word_1_239' title='bbox 295 3197 495 3268; x_wconf 84' lang='lat' dir='ltr'><strong>Praepositum</strong></span> <span class='ocrx_word' id='word_1_240' title='bbox 534 3196 783 3250; x_wconf 84' lang='lat' dir='ltr'><strong>Cameracensem</strong></span> <span class='ocrx_word' id='word_1_241' title='bbox 817 3213 877 3251; x_wconf 89' lang='lat' dir='ltr'><strong>non</strong></span> <span class='ocrx_word' id='word_1_242' title='bbox 913 3210 997 3251; x_wconf 86' lang='lat' dir='ltr'><strong>recte</strong></span> <span class='ocrx_word' id='word_1_243' title='bbox 1024 3198 1142 3266; x_wconf 84' lang='lat' dir='ltr'><strong>arguis,</strong></span> 
     </span>
     <span class='ocr_line' id='line_1_32' title="bbox 89 3290 1142 3364; baseline -0.003 -16"><span class='ocrx_word' id='word_1_244' title='bbox 89 3297 175 3364; x_wconf 85' lang='lat' dir='ltr'><strong>culpa</strong></span> <span class='ocrx_word' id='word_1_245' title='bbox 197 3303 242 3348; x_wconf 89' lang='lat' dir='ltr'><strong>est</strong></span> <span class='ocrx_word' id='word_1_246' title='bbox 262 3291 401 3360; x_wconf 81' lang='lat' dir='ltr'><strong>Magistri</strong></span> <span class='ocrx_word' id='word_1_247' title='bbox 424 3291 572 3364; x_wconf 84' lang='lat' dir='ltr'><strong>Spalatini.</strong></span> <span class='ocrx_word' id='word_1_248' title='bbox 614 3290 694 3345; x_wconf 86' lang='lat' dir='ltr'><strong>Nam</strong></span> <span class='ocrx_word' id='word_1_249' title='bbox 714 3309 770 3361; x_wconf 87' lang='lat' dir='ltr'><strong>ego</strong></span> <span class='ocrx_word' id='word_1_250' title='bbox 790 3306 820 3345; x_wconf 90' lang='lat' dir='ltr'><strong>te</strong></span> <span class='ocrx_word' id='word_1_251' title='bbox 838 3293 932 3362; x_wconf 87' lang='lat' dir='ltr'><strong>pridie</strong></span> <span class='ocrx_word' id='word_1_252' title='bbox 953 3291 1142 3364; x_wconf 71' lang='lat' dir='ltr'><strong>quaerebam,</strong></span> 
     </span>
     <span class='ocr_line' id='line_1_33' title="bbox 88 3386 1202 3459; baseline -0.003 -18"><span class='ocrx_word' id='word_1_253' title='bbox 88 3403 303 3459; x_wconf 82' lang='lat' dir='ltr'><strong>permansurus</strong></span> <span class='ocrx_word' id='word_1_254' title='bbox 319 3396 400 3443; x_wconf 86' lang='lat' dir='ltr'><strong>esset</strong></span> <span class='ocrx_word' id='word_1_255' title='bbox 416 3386 581 3457; x_wconf 87' lang='lat' dir='ltr'><strong>Princeps,</strong></span> <span class='ocrx_word' id='word_1_256' title='bbox 600 3401 656 3440; x_wconf 93' lang='lat' dir='ltr'><strong>nec</strong></span> <span class='ocrx_word' id='word_1_257' title='bbox 676 3403 731 3455; x_wconf 85' lang='lat' dir='ltr'><strong>ne,</strong></span> <span class='ocrx_word' id='word_1_258' title='bbox 750 3386 828 3440; x_wconf 84' lang='lat' dir='ltr'><strong>diem</strong></span> <span class='ocrx_word' id='word_1_259' title='bbox 851 3386 1065 3442; x_wconf 81' lang='lat' dir='ltr'><strong>Dominicam?</strong></span> <span class='ocrx_word' id='word_1_260' title='bbox 1092 3402 1141 3440; x_wconf 87' lang='lat' dir='ltr'><strong>re.</strong></span> <span class='ocrx_word' id='word_1_261' title='bbox 1198 3425 1202 3439; x_wconf 85' lang='lat'><strong>.</strong></span> 
     </span>
     <span class='ocr_line' id='line_1_34' title="bbox 88 3479 1141 3553; baseline -0.008 -14"><span class='ocrx_word' id='word_1_262' title='bbox 88 3480 252 3553; x_wconf 81' lang='lat' dir='ltr'><strong>spondisti,</strong></span> <span class='ocrx_word' id='word_1_263' title='bbox 283 3491 319 3537; x_wconf 88' lang='lat' dir='ltr'><strong>te.</strong></span> <span class='ocrx_word' id='word_1_264' title='bbox 340 3481 468 3536; x_wconf 84' lang='lat' dir='ltr'><strong>nescire.</strong></span> <span class='ocrx_word' id='word_1_265' title='bbox 505 3480 624 3534; x_wconf 89' lang='lat' dir='ltr'><strong>Deinde</strong></span> <span class='ocrx_word' id='word_1_266' title='bbox 646 3496 736 3534; x_wconf 89' lang='lat' dir='ltr'><strong>nemo</strong></span> <span class='ocrx_word' id='word_1_267' title='bbox 757 3479 831 3535; x_wconf 91' lang='lat' dir='ltr'><strong>mihi</strong></span> <span class='ocrx_word' id='word_1_268' title='bbox 846 3481 883 3534; x_wconf 91' lang='lat' dir='ltr'><strong>de</strong></span> <span class='ocrx_word' id='word_1_269' title='bbox 903 3481 1051 3536; x_wconf 91' lang='lat' dir='ltr'><strong>concione</strong></span> <span class='ocrx_word' id='word_1_270' title='bbox 1071 3495 1141 3532; x_wconf 85' lang='lat' dir='ltr'><strong>ver.</strong></span> 
     </span>
     <span class='ocr_line' id='line_1_35' title="bbox 87 3573 1140 3646; baseline -0.006 -16"><span class='ocrx_word' id='word_1_271' title='bbox 87 3575 161 3630; x_wconf 92' lang='lat' dir='ltr'><strong>bum</strong></span> <span class='ocrx_word' id='word_1_272' title='bbox 181 3575 312 3629; x_wconf 82' lang='lat' dir='ltr'><strong>lecerat:</strong></span> <span class='ocrx_word' id='word_1_273' title='bbox 330 3575 529 3646; x_wconf 85' lang='lat' dir='ltr'><strong>promiseram</strong></span> <span class='ocrx_word' id='word_1_274' title='bbox 548 3583 647 3628; x_wconf 82' lang='lat' dir='ltr'><strong>autem</strong></span> <span class='ocrx_word' id='word_1_275' title='bbox 662 3574 726 3645; x_wconf 84' lang='lat' dir='ltr'><strong>jam</strong></span> <span class='ocrx_word' id='word_1_276' title='bbox 748 3585 831 3628; x_wconf 86' lang='lat' dir='ltr'><strong>antea</strong></span> <span class='ocrx_word' id='word_1_277' title='bbox 853 3573 1042 3645; x_wconf 76' lang='lat' dir='ltr'><strong>Praeposito,</strong></span> <span class='ocrx_word' id='word_1_278' title='bbox 1068 3588 1140 3626; x_wconf 86' lang='lat' dir='ltr'><strong>ven.</strong></span> 
     </span>
     <span class='ocr_line' id='line_1_36' title="bbox 89 3656 1140 3740; baseline -0.006 -17"><span class='ocrx_word' id='word_1_279' title='bbox 89 3681 189 3723; x_wconf 90' lang='lat' dir='ltr'><strong>turum</strong></span> <span class='ocrx_word' id='word_1_280' title='bbox 218 3685 285 3724; x_wconf 87' lang='lat' dir='ltr'><strong>esse</strong></span> <span class='ocrx_word' id='word_1_281' title='bbox 307 3685 356 3723; x_wconf 86' lang='lat' dir='ltr'><strong>rne</strong></span> <span class='ocrx_word' id='word_1_282' title='bbox 384 3671 419 3723; x_wconf 89' lang='lat' dir='ltr'><strong>ad</strong></span> <span class='ocrx_word' id='word_1_283' title='bbox 445 3686 513 3723; x_wconf 89' lang='lat' dir='ltr'><strong>eum</strong></span> <span class='ocrx_word' id='word_1_284' title='bbox 539 3670 617 3723; x_wconf 88' lang='lat' dir='ltr'><strong>diem</strong></span> <span class='ocrx_word' id='word_1_285' title='bbox 638 3656 694 3740; x_wconf 78' lang='lat' dir='ltr'><strong>prb</strong></span> <span class='ocrx_word' id='word_1_286' title='bbox 718 3669 908 3725; x_wconf 79' lang='lat' dir='ltr'><strong>informando</strong></span> <span class='ocrx_word' id='word_1_287' title='bbox 934 3669 1045 3740; x_wconf 89' lang='lat' dir='ltr'><strong>populo</strong></span> <span class='ocrx_word' id='word_1_288' title='bbox 1067 3681 1140 3732; x_wconf 86' lang='lat' dir='ltr'><strong>suo,</strong></span> 
     </span>
    </p>
   </div>
   <div class='ocr_carea' id='block_1_6' title="bbox 89 3758 1225 4106">
    <p class='ocr_par' dir='ltr' id='par_1_9' title="bbox 89 3758 1225 4106">
     <span class='ocr_line' id='line_1_37' title="bbox 89 3758 1165 3835; baseline -0.007 -19"><span class='ocrx_word' id='word_1_289' title='bbox 89 3766 170 3833; x_wconf 85' lang='lat' dir='ltr'><strong>quod</strong></span> <span class='ocrx_word' id='word_1_290' title='bbox 185 3764 259 3818; x_wconf 88' lang='lat' dir='ltr'><strong>mihi</strong></span> <span class='ocrx_word' id='word_1_291' title='bbox 278 3765 457 3819; x_wconf 89' lang='lat' dir='ltr'><strong>servandum</strong></span> <span class='ocrx_word' id='word_1_292' title='bbox 475 3763 649 3831; x_wconf 80' lang='lat' dir='ltr'><strong>videbatur,</strong></span> <span class='ocrx_word' id='word_1_293' title='bbox 675 3764 746 3820; x_wconf 90' lang='lat' dir='ltr'><strong>dum</strong></span> <span class='ocrx_word' id='word_1_294' title='bbox 766 3780 826 3818; x_wconf 92' lang='lat' dir='ltr'><strong>non</strong></span> <span class='ocrx_word' id='word_1_295' title='bbox 846 3760 1058 3831; x_wconf 81' lang='lat' dir='ltr'><strong>intercipiebar</strong></span> <span class='ocrx_word' id='word_1_296' title='bbox 1080 3758 1165 3835; x_wconf 41' lang='lat' dir='ltr'><strong>alio,</strong></span> 
     </span>
     <span class='ocr_line' id='line_1_38' title="bbox 89 3846 1139 3928; baseline -0.007 -19"><span class='ocrx_word' id='word_1_297' title='bbox 89 3858 245 3912; x_wconf 82' lang='lat' dir='ltr'><strong>mandato:</strong></span> <span class='ocrx_word' id='word_1_298' title='bbox 265 3874 321 3912; x_wconf 92' lang='lat' dir='ltr'><strong>nec</strong></span> <span class='ocrx_word' id='word_1_299' title='bbox 342 3859 435 3912; x_wconf 87' lang='lat' dir='ltr'><strong>credo</strong></span> <span class='ocrx_word' id='word_1_300' title='bbox 452 3858 618 3928; x_wconf 89' lang='lat' dir='ltr'><strong>periculum</strong></span> <span class='ocrx_word' id='word_1_301' title='bbox 637 3874 704 3912; x_wconf 88' lang='lat' dir='ltr'><strong>esse</strong></span> <span class='ocrx_word' id='word_1_302' title='bbox 725 3859 753 3912; x_wconf 91' lang='lat' dir='ltr'><strong>in</strong></span> <span class='ocrx_word' id='word_1_303' title='bbox 773 3866 854 3912; x_wconf 84' lang='lat' dir='ltr'><strong>tanto</strong></span> <span class='ocrx_word' id='word_1_304' title='bbox 873 3854 969 3910; x_wconf 87' lang='lat' dir='ltr'><strong>nostri</strong></span> <span class='ocrx_word' id='word_1_305' title='bbox 992 3846 1050 3906; x_wconf 84' lang='lat' dir='ltr'><strong>loci</strong></span> <span class='ocrx_word' id='word_1_306' title='bbox 1072 3865 1139 3919; x_wconf 85' lang='lat' dir='ltr'><strong>spa.</strong></span> 
     </span>
     <span class='ocr_line' id='line_1_39' title="bbox 90 3945 1032 4026; baseline -0.006 -21"><span class='ocrx_word' id='word_1_307' title='bbox 90 3952 145 4005; x_wconf 91' lang='lat' dir='ltr'><strong>tio.</strong></span> <span class='ocrx_word' id='word_1_308' title='bbox 182 3950 254 4006; x_wconf 86' lang='lat' dir='ltr'><strong>Vale</strong></span> <span class='ocrx_word' id='word_1_309' title='bbox 273 3961 303 4006; x_wconf 86' lang='lat' dir='ltr'><strong>et</strong></span> <span class='ocrx_word' id='word_1_310' title='bbox 321 3969 374 4008; x_wconf 87' lang='lat' dir='ltr'><strong>ora</strong></span> <span class='ocrx_word' id='word_1_311' title='bbox 395 3968 448 4026; x_wconf 83' lang='lat' dir='ltr'><strong>pro</strong></span> <span class='ocrx_word' id='word_1_312' title='bbox 467 3968 528 4007; x_wconf 86' lang='lat' dir='ltr'><strong>me.</strong></span> <span class='ocrx_word' id='word_1_313' title='bbox 562 3947 875 4017; x_wconf 77' lang='lat' dir='ltr'><strong>tl.Januarii,anno</strong></span> <span class='ocrx_word' id='word_1_314' title='bbox 897 3945 1032 4000; x_wconf 81' lang='lat' dir='ltr'><strong>MDxx.</strong></span> 
     </span>
     <span class='ocr_line' id='line_1_40' title="bbox 636 4040 1225 4106; baseline -0.014 -6"><span class='ocrx_word' id='word_1_315' title='bbox 636 4044 792 4100; x_wconf 72' lang='lat' dir='ltr'><strong>vlllnrtinus</strong></span> <span class='ocrx_word' id='word_1_316' title='bbox 811 4041 983 4104; x_wconf 85' lang='lat' dir='ltr'><strong>Lutherus,</strong></span> <span class='ocrx_word' id='word_1_317' title='bbox 1006 4040 1135 4106; x_wconf 84' lang='lat' dir='ltr'><strong>August.</strong></span> <span class='ocrx_word' id='word_1_318' title='bbox 1223 4075 1225 4078; x_wconf 90' lang='lat'><em>-</em></span> 
     </span>
    </p>
   </div>
   <div class='ocr_carea' id='block_1_7' title="bbox 85 4102 91 4127">
    <p class='ocr_par' dir='ltr' id='par_1_10' title="bbox 85 4102 91 4127">
     <span class='ocr_line' id='line_1_41' title="bbox 85 4102 91 4127; baseline 0 0"><span class='ocrx_word' id='word_1_319' title='bbox 85 4102 91 4127; x_wconf 88' lang='lat' dir='ltr'><strong>l</strong></span> 
     </span>
    </p>
   </div>
   <div class='ocr_carea' id='block_1_8' title="bbox 0 0 1292 4732">
    <p class='ocr_par' dir='ltr' id='par_1_11' title="bbox 0 0 1292 4732">
     <span class='ocr_line' id='line_1_42' title="bbox 0 0 1292 4732; baseline 0 1"><span class='ocrx_word' id='word_1_320' title='bbox 0 0 1292 4732; x_wconf 95' lang='lat' dir='ltr'><strong> </strong></span> 
     </span>
    </p>
   </div>
  </div>
 </body>
</html>
