2574 4732
166 329 227 399 164
432 368 437 375 ·
645 331 737 397 1518.

82 540 86 556 ἵ
127 498 129 503 “
164 489 259 546 modo
279 485 402 561 proprie
421 494 451 543 et
469 484 654 558 formaliter,
672 497 711 545 et
731 489 776 545 sic
793 495 864 545 suut
883 487 1043 545 thesaurus
1064 488 1132 544 vite
1152 489 1215 560 spi.

165 585 260 653 ritus,
278 591 309 637 et
324 582 531 653 propriissime
549 599 565 637 a
579 583 687 656 spiritu
705 589 812 638 sancto
828 581 1023 649 distributus,
1039 583 1089 637 cui
1106 582 1222 638 solue-⁷

163 678 218 735 rit:
249 677 306 732 elio
330 677 424 732 modo
449 676 612 749 improprie
634 686 666 732 et
687 674 826 732 effective
843 685 874 731 et
895 675 1068 744 literuliter,
1092 691 1148 747 pro
1173 693 1211 731 eo

164 772 247 843 quod
274 769 388 825 meritis
416 768 530 828 Christi
559 771 702 826 ellectum
729 777 784 826 est.
827 767 870 826 Et
899 769 986 826 sicut'
1003 768 1213 852 Extrsvsgaps

162 864 328 936 improprie
348 864 460 919 inducit
479 864 663 934 Scripturas,
683 864 724 919 ite
741 863 831 919 etism
841 864 1007 934 improprie
1023 864 1211 933 thesaurum,

163 958 329 1030 improprie
351 942 458 1012 merita
477 957 608 1026 Christi,
635 966 666 1013 et
683 957 783 1013 omniu
803 957 966 1031 improprie
983 957 1102 1029 accipit.
1137 956 1210 1032 Quo

165 1054 281 1109 lactum
300 1062 365 1119 est,
391 1061 424 1104 ut
441 1060 521 1106 esset
540 1051 694 1120 ambigua,
720 1050 851 1107 obscura
866 1060 896 1106 et
913 1051 1033 1108 occasio
1043 1051 1211 1121 justissime

138 1213 143 1221 ⁸
165 1147 356 1219 disputandi:
388 1161 445 1214 ego
466 1155 566 1201 auteur
589 1143 712 1216 proprie
732 1146 876 1216 loquutus
894 1161 962 1201 eum
981 1147 1012 1202 in
1031 1146 1108 1202 meis
1129 1146 1212 1217 posi.

162 1241 308 1298 tionibus.

234 1335 297 1409 Qui
318 1331 429 1400 hebet,
452 1331 504 1387 det
527 1328 672 1400 meliora,
697 1342 728 1389 et
748 1332 901 1390 revocabo
927 1316 993 1390 iste.
1035 1332 1108 1390 Non
1130 1335 1211 1390 enirn

163 1443 267 1488 meum
290 1436 336 1482 est
364 1427 554 1499 interpretari
580 1441 710 1482 canones
736 1425 940 1496 Pontificum,
965 1429 1017 1482 sed
1034 1429 1109 1482 meis
1128 1429 1211 1500 posi.

164 1523 298 1580 tionibus
318 1520 439 1589 edesus,
465 1537 503 1575 ne
526 1528 633 1575 contra
657 1535 789 1576 canones
810 1536 941 1592 pugnare
962 1521 1133 1582 rideantur,
1157 1539 1212 1576 ex.

162 1629 289 1693 pectens
312 1615 488 1684 humiliter,
520 1615 545 1671 si
563 1615 618 1670 elia
639 1614 729 1671 luerit
753 1630 839 1671 mens
862 1613 950 1688 Papae
970 1614 1090 1670 demum
1114 1615 1214 1671 decla.

39 1765 44 1775 ,
163 1723 246 1778 ross,
264 1721 385 1783 paratus
404 1711 501 1767 eidem
518 1725 635 1782 parere.

230 1805 302 1862 linc
316 1804 416 1861 omnia
428 1814 528 1860 temen
541 1803 622 1859 dicte
634 1803 706 1861 volo
719 1820 775 1876 pro
791 1803 959 1859 reverentis
977 1802 1060 1859 Sedis
1078 1803 1211 1875 Aposto.

162 1898 228 1956 lioae
243 1909 273 1954 et
288 1897 529 1954 reverendissimi
545 1897 670 1954 Domini
686 1898 850 1953 Cerdinalis
863 1908 924 1953 etc.
943 1896 1023 1952 Nam
1034 1898 1060 1953 si
1078 1897 1210 1966 legitima

162 2004 195 2048 et
220 1992 315 2048 libera
339 1992 485 2061 agendum
509 1989 585 2045 milri
610 2001 657 2046 est
683 1992 849 2049 sententis:
881 1993 1033 2048 contendo
1055 2003 1086 2048 et
1110 1993 1210 2064 probo

163 2087 289 2141 eaodem
304 2083 558 2152 Extrsvagantem
574 2097 641 2140 esse
658 2084 799 2154 proprie,
816 2085 948 2148 directo,
967 2094 1070 2157 sperte
1087 2101 1143 2156 pro
1162 2102 1211 2140 me

161 2193 288 2246 meaque
316 2176 538 2242 conclusione,
574 2184 606 2231 et
632 2183 740 2230 contra
763 2176 942 2232 seutentiam
968 2178 1209 2234 reverendissimi

160 2269 287 2327 Domini
311 2269 417 2336 Card,
442 2268 511 2340 quie
541 2275 644 2324 textus
670 2280 813 2338 expresse
842 2268 935 2338 dicit,
964 2269 1047 2340 quod
1068 2256 1209 2326 ‘Christus

160 2356 337 2426 thesaurum
357 2362 440 2417 hunc
460 2360 618 2433 acquisivit
636 2359 781 2416 Ecclesiae
804 2370 865 2423 eto.
906 2361 974 2418 Hoc
995 2361 1136 2418 verbum:
1158 2380 1209 2419 ao.

162 2457 307 2529 quisivit,
327 2455 481 2512 evidenter
496 2455 667 2518 convincit,
686 2465 773 2528 atque
786 2457 941 2513 concludit
954 2456 1211 2528 irrefragabiliter,

162 2552 241 2611 eliud
260 2567 326 2609 esse
344 2551 451 2606 merite
468 2549 600 2619 Christi,
618 2548 727 2620 quibus
748 2551 924 2624 acquisivit,
943 2560 973 2607 et
991 2553 1069 2608 alind
1090 2554 1211 2609 theseo.

162 2663 251 2716 rum,
269 2662 360 2719 quem
375 2644 534 2717 acquisivit
543 2683 553 2713 ,
572 2644 641 2716 quie
653 2642 731 2701 aliud
746 2656 793 2702 est
807 2662 915 2716 causa,
934 2654 964 2701 et
979 2647 1058 2703 eliud
1072 2647 1211 2716 effectus,

162 2750 198 2796 ut
214 2742 306 2796 etism
321 2737 495 2813 philosophi
516 2738 629 2796 dicunt,
657 2738 731 2795 Ideo
750 2741 907 2797 conclusio
924 2755 990 2795 mea
1007 2739 1073 2796 stet'
1085 2739 1209 2798 invicte:

164 2834 246 2908 quod
264 2835 371 2889 merita
391 2832 509 2911 Christi
524 2849 586 2888 non
605 2841 675 2888 suut
694 2834 854 2891 thesaurus
872 2835 1139 2905 indulgentiarum,
1157 2837 1211 2892 sed

163 2930 368 3000 requisicrunt
394 2921 487 2985 eum.¹
514 2927 719 2986 Nihilominus
738 2940 839 2990 tomen
859 2932 949 2988 etism
968 2931 1034 2991 lucc
1058 2931 1121 3003 ipsa
1140 2929 1212 2991 sub.

163 3025 253 3103 mitto
268 3024 384 3094 judicio
404 3022 569 3087 Ecclesia,
588 3033 737 3097 utsupra.

234 3159 378 3232 ObJ‘ecrio
404 3161 495 3217 altera
518 3168 583 3224 est,
606 3161 688 3234 quod
705 3160 736 3216 in
759 3160 956 3218 conclusione
979 3177 1045 3239 mles
1065 3164 1093 3229 7.
1114 3164 1214 3221 deols.

163 3255 254 3310 rnndn
280 3255 360 3311 dixi:
390 3256 540 3311 nemiuem
560 3254 718 3326 justificari
739 3271 850 3328 posse,
877 3256 933 3312 nisi
952 3272 1007 3327 per
1030 3256 1140 3328 fidem,
1167 3260 1212 3316 sio

164 3348 300 3418 scilicet,
324 3358 358 3402 ut
376 3364 502 3405 necesse
523 3349 581 3417 sit,
609 3365 679 3406 eum
700 3359 784 3405 certe
803 3349 860 3406 lide
880 3350 1024 3420 cre'dere,
1041 3367 1108 3409 sese
1123 3353 1214 3425 justi.

104 3450 112 3477 ¹
161 3440 265 3509 honri,
291 3451 321 3497 et
346 3436 427 3497 nullo
445 3441 537 3498 modo
557 3440 715 3513 dubitare,
742 3442 824 3516 quod
844 3443 970 3514 gratiam
983 3456 1213 3519 ,subsequutum

165 3535 196 3591 Si
222 3535 301 3589 enirn
328 3534 444 3590 dubitet
471 3543 501 3590 et
527 3537 659 3592 incertus
677 3545 740 3600 est.
757 3536 827 3608 ,jam
845 3552 907 3594 non
926 3536 1129 3611 justificatur,
1160 3541 1214 3596 sed

165 3629 280 3686 evomit
303 3628 438 3698 gratiam.
484 3625 570 3687 llsnc
592 3629 776 3705 theologiam
798 3646 909 3689 novam
930 3628 1026 3690 videri
1051 3641 1156 3707 putent
1182 3643 1214 3689 et

164 3740 338 3785 erroneam.
568 3738 570 3743 ’

510 3844 559 3900 Ad
583 3804 665 3915 cuod
684 3845 871 3918 respondeo:
969 3894 973 3903 .

231 3966 389 4034 Primum,
416 3964 579 4024 infallibilis
597 3972 644 4023 est
663 3966 792 4036 veritas,
819 3965 901 4039 quod
920 3967 1019 4024 nullus
1036 3976 1081 4024 est
1095 3969 1213 4040 justus,

163 4062 221 4119 nisi
243 4063 294 4138 qui
316 4062 415 4122 credit
435 4060 465 4120 iu
488 4060 608 4136 Deum,
633 4068 668 4120 ut
685 4061 776 4124 Rom.
799 4061 844 4124 1.:
863 4063 968 4134 prestus
988 4080 1028 4119 ex
1038 4062 1108 4135 fide
1127 4064 1209 4123 vion.
