2574 4732
171 274 233 345 tin
650 269 742 345 1519.

69 450 73 457 ¹
167 433 249 490 sient
268 446 390 505 semper
406 429 572 500 abhorrui,
598 429 640 487 ite
658 426 818 506 nunquam.
833 435 863 491 in
888 433 968 495 banc
994 436 1093 508 nsque
1110 431 1221 497 boran

95 527 96 530 ’
168 527 294 590 secessi·

186 665 190 671 .
232 618 356 703 ⁴Deinde
374 634 439 690 qua
460 619 556 687 tanta,
580 634 647 690 qum
661 617 747 689 iana,
772 637 838 692 qna
860 622 990 679 nominis
1010 622 1160 686 aeternitas
1180 639 1221 680 ex

166 729 217 773 me
237 713 350 785 sperari
374 714 472 784 possit
492 712 699 771 illustrissimae
720 713 929 773 Dominationi
945 718 1024 775 tuni
1051 734 1123 779 enm
1141 716 1177 773 t'n
1195 717 1220 773 ie

148 798 312 878 ¹Princeps
332 805 392 869 aie,
418 806 558 878 quicum
579 806 696 863 casteria
717 822 789 868 rere
812 805 962 881 Principia
984 810 1127 880 dotibus,
1154 818 1220 866 tnm

166 900 280 958 eximio
299 899 457 957 literarum
472 899 724 971 literatorumque
741 917 863 969 amore,
881 911 997 961 tentum
1015 903 1069 961 tibi
1090 903 1219 962 nominis

166 1002 196 1050 et
215 992 318 1063 gloriae
336 994 471 1063 pararis,
489 1002 532 1051 nt
549 1009 612 1050 non
630 995 720 1053 etiam
733 995 855 1066 Appion
872 995 948 1065 tibi,
967 997 1021 1057 sed
1035 997 1167 1069 Appioni
1189 1005 1221 1052 et

165 1087 306 1145 omnibns
326 1087 377 1159 qni
399 1097 430 1143 tc
450 1086 606 1142 celebrent
619 1074 669 1155 r),
687 1087 825 1146 nominis.
836 1086 1093 1150 immortalitatem
1113 1089 1220 1152 stada,
1266 1069 1269 1074 ⁸

163 1191 260 1238 turus.
297 1178 376 1254 Quia
400 1180 519 1248 ignorat
539 1177 713 1249 Principem
743 1178 929 1250 Fridem'curn
954 1183 985 1236 in
1013 1182 1218 1254 provehendis

163 1277 259 1332 literis
288 1274 462 1346 exempium
490 1271 752 1345 iactnmeunctis
769 1272 982 1346 Principibuar
1009 1275 1171 1333 Grecatur
1189 1286 1220 1331 et

163 1367 345 1427 Enteicatnr
364 1377 410 1424 sat
428 1365 804 1436 feliciterwittemberga
824 1375 885 1424 tua.
928 1367 1021 1428 artes
1042 1368 1219 1439 benigniore

165 1479 256 1536 qnam
280 1463 428 1518 hactenus
447 1461 590 1518 Minerva
611 1462 776 1528 docentur,
794 1460 913 1520 sincera
930 1459 1045 1517 Christi
1065 1462 1220 1531 theologia

163 1555 349 1629 triumphat,
369 1555 562 1628 opinionibus
578 1564 610 1613 et
627 1552 844 1628 quaestionibus
860 1553 1018 1635 hominurn
1031 1571 1128 1626 prope
1136 1555 1218 1617 ‚nihii

164 1665 264 1723 neque
289 1648 481 1722 opinantibus
507 1665 606 1722 neque
629 1648 844 1722 quaerentibus·
886 1648 958 1704 Haec
982 1648 1081 1707 omnia
1109 1648 1218 1705 dorent

164 1745 226 1801 tnie
258 1744 424 1818 auspiciis,
460 1743 636 1819 sumtibus,
665 1743 821 1816 praesidiis.
869 1742 989 1800 Utinam
1022 1741 1217 1805 ecclesiastici

163 1851 341 1910 magnates,
371 1855 448 1910 quoa
477 1837 587 1895 harum
613 1854 718 1895 rerum
735 1838 887 1912 exempla
907 1838 1047 1900 *maxime
1065 1845 1218 1908 ‘praestare

167 1931 353 2005 oportebat,
373 1931 457 1989 iaicis
474 1931 684 2003 Principibus,
708 1932 816 1989 etitem
831 1932 979 1988 laicorum
1001 1932 1138 2003 exempla
1154 1931 1220 1987 imi.

163 2034 323 2095 retentura
349 2025 466 2083 sciiicet
489 2026 566 2082 adeo
587 2025 749 2082 iniciiciter
771 2026 864 2083 cessit
884 2027 1038 2098 opulentia
1059 2035 1091 2080 et
1111 2035 1219 2096 poten.

160 2127 248 2176 tetus
264 2117 420 2175 Eooieain.
1021 2136 1032 2175 ·,
1098 2162 1101 2167 .

253 2208 326 2265 darn
347 2225 423 2267 vero
449 2209 519 2280 quid
541 2207 691 2279 gratificer
710 2209 780 2277 tuin
794 2210 825 2264 in
846 2224 897 2267 me
915 2209 1106 2280 ampiioaimia
1126 2207 1217 2266 bene.

148 2288 261 2369 daile,
279 2317 344 2372 quas
366 2301 468 2358 omnia
485 2301 516 2356 in
533 2300 606 2356 nibii
623 2302 985 2359 merentemcoiiocaatii
1002 2301 1080 2358 Tuis
1101 2301 1218 2372 impen.

168 2397 210 2455 ais
230 2394 319 2466 capiti
342 2407 412 2448 meo
434 2392 539 2448 insano
560 2394 802 2466 impositum.est
817 2395 931 2463 insigne
949 2395 1020 2454 iilud
1039 2395 1217 2450 ostentatio.
1259 2368 1268 2387 N

167 2490 215 2547 nia
244 2504 339 2555 men,
371 2487 462 2558 cujus
484 2503 535 2542 me
561 2488 652 2559 pudet
679 2496 710 2545 et
735 2498 835 2553 tamen
862 2476 970 2558 ¹gestari
999 2499 1147 2559 oportet,
1178 2490 1218 2548 ita

167 2582 342 2642 solentibus
369 2582 428 2649 iis,
454 2579 565 2652 quibua
590 2596 640 2635 me
656 2582 762 2643 ,audire
788 2598 841 2655 par
860 2593 916 2638 est.
965 2583 1022 2637 Sed
1046 2585 1165 2652 quantis
1187 2592 1218 2638 et

161 2676 241 2734 =iiind
271 2686 443 2732 monstrum
472 2689 597 2742 meum,
627 2677 709 2744 quod
738 2690 777 2733 ex
804 2677 994 2744 indulgentiis
1015 2677 1089 2733 mihi
1114 2685 1217 2732 natum

169 2783 232 2837 eat,
259 2771 359 2837 curis,
377 2768 498 2834 officiis.
525 2766 695 2837 sumtibus,
718 2771 849 2843 deniqne
872 2782 903 2826 et
915 2771 1062 2844 -pericniis
1082 2769 1219 2827 constitit

168 2863 378 2924 Dominationi
405 2864 490 2922 tua?
524 2863 584 2918 Scit
608 2863 748 2930 universa
773 2874 825 2922 tua
849 2865 940 2933 ditio,
963 2863 1216 2932 longemajoran

167 2960 303 3032 Principi
323 2974 379 3031 pro
399 2973 448 3012 me
469 2957 710 3024 solicitudinem,
734 2975 827 3030 quam
842 2958 991 3030 mihiipsi
1011 2958 1114 3012 inisse.
1149 2953 1215 3022 Ego

168 3073 226 3129 pro
251 3068 317 3108 mea
344 3051 514 3108 temeritate
538 3051 634 3107 aleam
650 3052 733 3123 jeci,
758 3063 894 3109 extrema
913 3058 1168 3122 comperiemus
1186 3058 1216 3105 et

52 3208 56 3215 ,
169 3161 332 3221 expectare
354 3157 486 3219 paratus.
521 3146 610 3202 Nam·
626 3158 658 3203 et
679 3148 740 3203 hnc
762 3145 929 3201 occasione·
951 3143 1020 3211 inre
1027 3140 1216 3212 operabam,

166 3252 203 3297 ut
228 3241 372 3302 docendis
396 3242 461 3296 aiiia
488 3241 673 3311 submotus,
699 3240 839 3308 anguium
856 3234 1136 3302 mihi-invenirem,
1165 3235 1217 3288 dc.

163 3347 271 3403 serto,
289 3334 371 3404 qnod
390 3333 547 3402 odiebam,
565 3335 697 3407 publico.
733 3333 790 3388 Sed
808 3331 937 3402 perstitit
953 3330 989 3393 κ)
1008 3341 1066 3383 tuae
1087 3328 1216 3383 Celsitu.

168 3430 244 3486 dinis
266 3427 414 3496 officium,
439 3437 559 3482 etcum
574 3446 637 3498 ego
660 3443 801 3500 cuperem
820 3424 897 3496 pati,
923 3440 988 3495 quas
1009 3422 1050 3478 iiii
1070 3423 1216 3477 ardebant

167 3520 298 3586 inferre,
316 3521 431 3575 neutris
450 3521 563 3588 cessit,
580 3528 661 3591 quod
680 3521 814 3593 cupitum
833 3527 889 3573 est.

236 3613 292 3668 Sed
311 3614 445 3667 nondum
467 3610 550 3681 finis,
572 3615 671 3686 piacet
690 3625 790 3672 tamen
807 3614 921 3670 interea
938 3596 977 3679 ¹¹)
995 3620 1122 3667 eventus
1140 3609 1215 3676 iate,

166 3756 690 3774 -ι-Ἥ

156 3904 162 3912 ‚
220 3842 249 3896 i)
277 3845 304 3891 t·
326 3844 340 3897 J
349 3855 394 3890 en.
414 3845 544 3896 celebrent.

221 3926 251 3980 z)
279 3920 345 3973 Jen.
366 3923 486 3977 praestitit

220 4001 251 4051 b)
279 4001 309 4047 Α.
328 4001 435 4048 interim.
462 4002 477 4055 J
484 4014 528 4049 en.
551 4001 647 4050 iterun.
