2574 4732
181 330 243 399 m
661 319 754 387 1520.

182 486 355 557 indignitate
369 481 415 538 rei
430 479 534 536 brevis
551 464 619 535 esse
638 490 766 536 coactns
782 493 860 534 sum.
895 476 941 534 Ite
959 494 1009 534 me
1024 481 1169 537 satanice
1188 484 1251 541 ista

181 582 262 639 bulla
279 578 453 644 excruciat,
478 589 620 645 peneque
641 572 788 629 intutum
807 571 1015 629 obticuissem.
1052 573 1140 650 Quis
1162 580 1251 637 enim

182 670 270 729 Satan
286 686 419 745 unquam
434 678 497 725 tam
514 666 705 739 impudenter
717 664 755 722 ab
773 665 860 722 initio
876 666 980 723 mnndi
1000 667 1129 725 locutus
1146 681 1198 726 est
1216 672 1249 730 in

180 760 306 824 D'enm?
323 763 380 819 Sed
396 763 467 835 qnid
484 761 601 818 dicam?
618 760 711 816 vincit
725 775 775 815 me
787 759 963 828 magnitudo
978 758 1253 821 homoinem.-

181 874 251 915 rum
263 856 519 931 blasphemiarum
536 854 623 911 istius
640 852 739 919 bulla,
762 858 791 908 et
806 852 836 910 id
855 869 946 909 nemo
964 853 1127 911 obserm
1145 856 1250 915 Prot.

181 968 236 1008 sus
255 966 417 1024 persuasus
437 965 526 1016 eum,
544 958 715 1004 extremum
730 945 811 1002 diem
824 948 929 1004 adesse
947 949 977 1003 in
991 949 1117 1019 limine,
1137 951 1247 1011 multis

253 1136 330 1191 Dux
349 1134 502 1204 Georgius
520 1144 604 1190 totus
621 1135 650 1188 in
670 1149 719 1189 me
740 1133 850 1191 insanit
867 1150 939 1192 cnm
957 1136 1019 1191 suis
1035 1136 1193 1208 sophistis
1213 1147 1248 1196 et

182 1228 337 1303 Episcopo
352 1226 594 1297 Merebnrgenai.
614 1226 711 1315 Video
723 1228 901 1285 seditionem
917 1229 1057 1302 portandi
1073 1246 1136 1302 per
1150 1232 1246 1290 istam

182 1323 296 1405 bullam
322 1321 590 1393 incomponibiiem
602 1361 614 1391 ,
650 1321 680 1377 id
704 1322 786 1393 quod
811 1322 901 1378 decet
927 1321 1059 1379 officium
1086 1323 1245 1383 Romana

184 1416 293 1472 Curiae.
327 1413 437 1471 Emser
452 1412 594 1471 edidit'ir'i
612 1430 663 1470 me
680 1415 773 1471 furias
791 1431 860 1472 suae
877 1415 935 1473 sub
955 1416 1076 1473 nomine
1098 1417 1241 1476 'l'homae

182 1508 313 1565 Rhedini
334 1507 481 1578 Todisci,
505 1508 672 1583 Romaque
690 1510 800 1566 excudi
816 1511 953 1567 curarita
976 1518 1008 1567 et
1021 1526 1105 1567 nunc
1124 1512 1242 1585 Lipsiae

183 1602 221 1659 iis
239 1601 379 1660 omnibns
395 1603 461 1659 lane
480 1602 531 1659 est'
545 1604 699 1660 insaniisse
717 1600 885 1660 incredssiili
902 1600 990 1663 tutia.

252 1697 324 1754 Non
348 1696 481 1754 scribam
502 1698 641 1770 privatim
668 1696 703 1753 ad
722 1696 900 1770 Principes,
927 1697 1124 1771 sed'pubiica
1146 1702 1241 1758 solae.

183 1790 253 1846 dala
284 1790 512 1863 appeliationem
536 1789 710 1860 innovabo,
739 1790 932 1848 invocaturus
961 1792 998 1847 ad
1029 1791 1239 1852 adhaesionem

182 1883 336 1956 quoslibet
354 1883 526 1942 Germania
549 1901 674 1956 magnos
694 1893 726 1940 et
752 1900 881 1958 parvos,
901 1892 932 1940 et
956 1884 1000 1941 rei
1024 1884 1239 1957 indignitatem

184 1978 396 2051 expositurus:
421 1979 529 2035 deiude
544 1978 758 2036 conscientiam
779 1979 924 2050 cujusque
940 1990 1169 2052 conventurus,
1196 2000 1238 2039 ne

183 2070 284 2143 impiis
307 2072 372 2127 istis
392 2056 539 2129 monstris
563 2074 594 2129 iu
616 2073 695 2128 hore
715 2073 823 2130 mortis
840 2089 900 2130 anae
917 2072 1088 2131 obedivisse
1107 2079 1239 2138 conrin-

185 2175 283 2220 catur.
607 2180 609 2185 '

255 2257 333 2312 Cum
349 2257 504 2331 Episcopo
517 2257 702 2329 Mogentino
719 2260 792 2317 nihii
807 2276 891 2332 agam
897 2302 907 2332 ,
926 2262 980 2319 sed
989 2261 1113 2319 Ducem
1132 2263 1239 2321 Geor.

184 2350 265 2418 gium
291 2356 321 2403 et
340 2348 525 2420 Episcopum
550 2342 820 2422 Merobaargensem
847 2356 1049 2427 compellam,
1076 2357 1176 2415 literis
1205 2369 1237 2415 et

184 2444 344 2501 uernacula
370 2443 461 2512 (cum
480 2444 560 2500 edite
578 2445 690 2514 fuerit)
715 2447 889 2505 Antibulia:
910 2468 973 2506 non
990 2452 1071 2524 quod
1090 2467 1234 2523 sperem,

183 2540 360 2614 praefractos
380 2538 447 2595 iilos
467 2539 589 2609 spiritus
607 2552 697 2611 posse
717 2541 895 2606 mitescere,
915 2547 967 2601 ssd
987 2555 1021 2600 ut
1039 2561 1139 2601 meam
1158 2564 1237 2612 con.

183 2635 341 2691 scientiam
356 2635 518 2702 redimam,
537 2635 609 2690 dum
629 2635 673 2690 ais
691 2650 777 2690 suum
795 2636 959 2708 periculum
976 2654 1135 2710 aperuero.
1170 2640 1234 2696 Im.

183 2722 326 2804 possibile
347 2741 394 2786 est
412 2731 492 2786 enim
510 2730 610 2785 salvos
630 2729 710 2799 fieri,
731 2731 780 2800 qui
799 2730 869 2786 hnic
890 2731 980 2786 Buliae
1001 2743 1051 2788 aut
1071 2733 1235 2804 faverant,

184 2835 312 2881 autnon
331 2820 594 2896 repugnaverunt*
606 2825 629 2888 ).
650 2821 763 2877 Caetera
782 2822 933 2880 Dominus
951 2826 1058 2880 viderit
1076 2836 1108 2881 et
1128 2844 1196 2883 ros.

251 2918 301 2973 De
321 2919 454 2973 Adriano
472 2926 579 2971 nostro
597 2902 701 2971 eadem
718 2917 820 2973 retulit
838 2915 926 2974 nobis
943 2917 1095 2988 Egrauus,
1124 2921 1177 2975 sed
1199 2930 1232 2977 et

181 3013 256 3067 mihi
275 3013 374 3067 factus
393 3020 440 3065 est
455 3010 573 3079 hostis,
590 3025 714 3067 causans
733 3012 814 3081 quod
834 3014 1007 3082 docuerim,
1034 3030 1127 3087 opera
1147 3014 1230 3071 bona

180 3106 255 3159 nihii
273 3106 391 3174 valere,
409 3106 462 3161 sod
480 3105 576 3162 sciam
594 3105 701 3161 iidem:
728 3106 841 3175 vixque
859 3107 1011 3163 coercitus
1030 3118 1078 3163 est
1095 3124 1111 3162 a
1130 3110 1231 3182 pnbii.

181 3212 217 3250 ca
230 3198 289 3252 mei
304 3197 435 3259 infamia.
471 3194 612 3271 Denique
630 3197 783 3254 insultavit
796 3197 889 3268 mihi,
908 3211 997 3272 atque
1018 3203 1093 3258 adeo
1113 3220 1231 3273 provo.

180 3304 235 3343 cas
238 3290 261 3343 it
273 3291 368 3347 homo
381 3293 628 3351 indoctissimus
618 3310 649 3348 m
665 3310 698 3348 re
715 3290 899 3361 tlteologica
913 3293 1025 3351 inutilis
1040 3306 1086 3351 est
1099 3313 1230 3368 prorsus

180 3398 216 3436 ae
231 3383 293 3438 cito
306 3383 511 3442 dimittendus.
531 3385 725 3460 Lipsiamirit
737 3387 818 3444 forte
830 3388 1002 3446 cumEocio
1018 3399 1163 3462 pacturus
1169 3389 1227 3461 *Ἴ

178 3474 244 3530 Fiat
262 3475 399 3533 voiuntas
421 3477 561 3538 Domini.

185 3574 188 3581 '
246 3570 450 3627 Erfordiensis
466 3575 627 3632 Academia
642 3576 784 3650 requisita
801 3577 838 3631 ab
852 3574 974 3634 Eccio
965 3578 1226 3649 imperiosissime,

179 3679 241 3719 non
257 3664 375 3722 admisit
386 3664 518 3731 Bullam,
534 3683 659 3726 causans
673 3672 824 3742 illegitime
837 3670 1024 3729 insinuatam.
1050 3673 1227 3729 Bebenber.

230 3840 261 3889 ‘i
289 3839 339 3890 dit
357 3838 438 3891 ductet
454 3838 586 3889 duittudt

230 3920 272 3968 2⁸)
301 3917 975 3978 maaaatsttteesaateantecessitteatessaanutr
993 3926 1032 3973 tet
1045 3926 1090 3972 ott
1103 3928 1136 3974 tm
1150 3927 1225 3976 scas

177 3991 367 4049 septimanam
386 3997 566 4054 cessassem
583 3986 857 4060 inaestimandae
874 4008 933 4063 mni.
948 4005 1052 4064 stant
1068 4007 1088 4058 1
1106 4007 1155 4054 su.
1178 4009 1227 4055 naa

178 4071 318 4124 &etrier
339 4077 504 4133 stianieeids
519 4081 655 4134 tutiensi.
670 4066 720 4136 585.
