2574 4732
464 344 477 384 s
599 354 689 421 teta.
967 429 971 435 ,
1105 357 1165 431 179

122 499 125 504 ’
181 512 326 587 Nunquid
348 530 422 582 ergo
442 512 519 568 mule
540 512 629 582 dico,
657 515 683 568 si
704 512 735 567 in
756 514 863 570 faciem
879 516 970 588 hujus
990 516 1164 576 Decretalis

114 608 223 666 dixero
238 609 317 662 hanc
334 606 515 662 contrarium
533 608 789 678 propositionem
810 611 1011 667 sacerdotium
1031 614 1164 681 Christi,

114 717 186 758 curn
198 701 236 757 sit
248 711 403 782 aeternum,
422 716 483 755 non
497 710 544 756 eat
556 701 731 756 translatum
746 703 775 756 iu
791 702 820 758 S.
836 702 984 760 Petrum?
1004 707 1064 761 Aut
1075 707 1166 763 etiam

113 795 167 853 hic
186 813 237 850 me
248 804 345 865 coget
370 797 571 851 reverendiss.
595 797 747 852 Dominus
765 795 912 865 Legatos,
929 808 963 852 ut
979 806 1083 854 verum
1098 817 1166 855 sen.

113 907 183 945 sum
200 907 326 958 negem,
345 899 375 945 et
396 889 568 946 Decretalis
589 907 710 947 sensum
743 890 842 946 solum
867 891 1053 961 amplectar?
1078 893 1165 950 Talia

114 993 185 1041 sunt
201 984 311 1056 injure
330 985 477 1039 canonico
498 985 607 1054 inulta,
627 984 740 1056 quibus.
755 983 808 1050 (ut
827 1001 895 1039 cum
913 984 1018 1039 fiducia
1034 984 1164 1057 loquar)

115 1077 141 1132 ai
159 1094 220 1132 nnn
238 1086 397 1149 corrupta,
416 1087 499 1131 certe
518 1077 678 1135 obscurata
697 1087 742 1133 est
762 1080 924 1149 Scriptura.

185 1170 261 1225 Tale
282 1171 352 1241 quid
373 1181 403 1225 et
426 1171 455 1224 in
473 1169 766 1240 Extravagantema
790 1188 839 1225 me
862 1173 1047 1228 factumest.
1083 1172 1165 1229 Nam

117 1264 319 1319 certissimum
348 1272 414 1332 est,
448 1266 554 1318 merita
583 1265 695 1321 Christi
722 1282 783 1320 non
810 1283 899 1338 posse
928 1284 982 1338 per
1010 1267 1167 1334 hominem

117 1359 296 1428 dispensari:
316 1358 421 1438 deinde
437 1359 527 1413 etiam
541 1360 602 1428 ipsa
617 1360 717 1430 potius
733 1361 907 1432 imponunt,
925 1378 1013 1439 quem
1029 1362 1167 1416 relaxant

116 1450 196 1506 bonu
228 1467 321 1523 opera
346 1450 449 1523 (quod
477 1464 523 1507 est
556 1454 752 1523 indulgentias
781 1453 869 1526 esse)
898 1456 1100 1526 poenitentiae,
1131 1466 1167 1511 ut

117 1544 227 1602 Petrus
247 1552 348 1617 aperte
368 1547 456 1601 dicit:
478 1545 615 1602 cbristus
629 1564 689 1616 pro
706 1544 790 1602 nobis
805 1563 917 1615 passus
939 1555 1000 1618 est,
1018 1546 1099 1604 nobis
1116 1551 1168 1604 re'.

118 1637 255 1713 linquens
279 1638 467 1708 exentpltun,
492 1647 525 1694 ut
548 1643 720 1714 sequamini
742 1641 870 1715 uestiqr'a
895 1643 968 1712 ejus.
1015 1640 1088 1698 Non
1109 1645 1166 1700 ait:

118 1749 222 1804 passus
237 1742 283 1789 est
299 1750 355 1805 pro
373 1733 478 1799 vobis,
498 1751 603 1788 nevos
623 1734 815 1805 pateremini,
833 1744 903 1801 aut,
923 1744 958 1790 ut
972 1750 1030 1791 vos
1050 1735 1168 1791 relaxa.

119 1828 245 1896 remini,
274 1829 328 1882 sed
351 1828 524 1896 exemplum
547 1828 668 1899 reliquit
693 1826 852 1897 sequendi,
878 1843 940 1883 nou
957 1827 1081 1900 reliquit
1101 1829 1168 1885 the.

118 1930 242 1977 sautum
260 1920 415 1975 omittendi
435 1930 495 1974 etc.

187 2015 257 2069 llaec
282 2020 328 2067 est
346 2014 425 2067 enim
451 2015 571 2086 propria
589 2012 621 2083 ³)
640 2013 736 2069 virtus
758 2012 937 2068 meritorum
961 2013 1095 2085 Christi,
1120 2033 1168 2071 ar.

108 2123 203 2162 'mure
228 2107 264 2162 ad
284 2122 379 2180 opus,
404 2123 466 2161 non
486 2124 598 2178 ponere
620 2107 750 2164 cervical
769 2116 799 2162 et
817 2124 933 2180 ponere
948 2107 1087 2179 pulvinos
1109 2110 1167 2165 sub

119 2201 231 2256 cubitis
257 2210 286 2257 et
315 2201 478 2272 capitibus,
504 2211 538 2257 ut
557 2203 597 2258 ait
615 2202 763 2274 propheta
786 2199 926 2255 Ezechiel
951 2200 1161 2270 (xt11.1e.).

119 2296 192 2351 Ideo
215 2303 321 2372 contra
341 2294 611 2364 Extravegautem,
632 2298 694 2352 imo
713 2303 819 2350 contra
838 2293 950 2348 malum
965 2294 1028 2366 ejus
1051 2295 1168 2351 intelle.

120 2398 203 2445 ctum
224 2390 371 2463 opposui,
402 2398 432 2445 et
460 2390 557 2445 adhuc
584 2407 718 2462 oppono.
760 2387 829 2444 Nec
852 2396 898 2443 est
918 2387 974 2444 ista
996 2390 1166 2446 cummunis

119 2483 264 2540 Ecclesiae
279 2485 483 2555 consuetudo,
502 2499 591 2556 quum
607 2484 720 2554 jactat,
739 2482 794 2538 sed
814 2472 1036 2554 corruptela'et
1055 2482 1167 2561 abusus

121 2589 228 2634 contra
247 2579 406 2651 Scripturas
424 2579 583 2633 veritatem
596 2577 737 2632 militans.

191 2671 286 2739 igitur
309 2671 450 2742 permitto
471 2670 728 2741 Extruvagantem
755 2683 821 2724 esse
846 2683 949 2723 veram
963 2707 974 2737 ,
1008 2669 1062 2724 sed
1090 2685 1167 2739 nego

121 2780 243 2820 sensum
266 2763 329 2832 eius
350 2779 432 2833 esse,
457 2781 548 2835 quem
569 2765 696 2819 adducta
713 2762 807 2818 verba
829 2762 989 2833 Scripturas
1007 2760 1121 2818 habent
1138 2764 1170 2818 in

121 2875 177 2914 suo
207 2859 288 2913 loco.
330 2857 405 2932 Quae
431 2857 525 2913 verba
552 2859 655 2928 utique
681 2872 753 2913 vera
783 2856 905 2910 fuerunt
933 2855 1090 2927 plusquam
1114 2872 1170 2927 per

122 2952 282 3007 duodecim
297 2967 443 3006 annorum
463 2951 633 3006 centenaria
651 2958 719 3005 ante
736 2948 981 3005 constitutionem
999 2949 1089 3020 hujus
1106 2949 1171 3006 Ex.

122 3044 319 3114 travagantie:
345 3060 444 3116 neque
466 3042 502 3098 ab
518 3042 741 3113 Extravagante
760 3041 809 3097 vel
831 3050 1003 3113 atempore
1024 3044 1087 3113 ejus
1109 3045 1172 3117 pri.

122 3156 204 3193 mum
229 3139 389 3201 veritatem
415 3149 606 3209 acceperunt.
649 3137 730 3194 Nam
753 3136 778 3192 si
812 3135 868 3192 ista
894 3135 987 3193 verba
1008 3130 1173 3209 &riptutae

123 3233 159 3287 de
175 3232 362 3300 indulgentiis
380 3231 490 3288 debent
508 3232 628 3301 intelligi
647 3231 772 3305 proprio
791 3239 821 3285 et
839 3230 967 3299 genuino
985 3247 1091 3286 sensu:
1105 3232 1171 3303 jam

123 3336 246 3395 possent
257 3341 296 3379 ex
308 3341 393 3379 sacra
405 3324 557 3397 Scriptura
572 3324 693 3396 probari
710 3333 741 3379 et
751 3326 950 3380 demonstrari
968 3325 1167 3396 indulgentis,

124 3419 204 3491 quod
224 3419 259 3471 ad
277 3434 369 3472 unum
388 3433 493 3472 ornnes
512 3418 754 3474 constantissime
772 3426 890 3487 negant.

189 3511 285 3580 Igitur
309 3511 381 3565 volo
409 3522 571 3585 utrumque
596 3527 729 3568 servare.
772 3509 813 3566 Et
844 3510 955 3565 dicitur
979 3512 1076 3568 mihi:
1107 3513 1169 3567 imo

125 3605 214 3660 istum
235 3603 373 3673 (scilicet
387 3605 522 3676 pejorem
538 3603 681 3676 sensum)
707 3603 859 3673 servabis,
879 3605 1006 3659 alterum
1031 3605 1172 3670 (scilicet

123 3696 300 3765 meliorem)
325 3698 457 3766 negabis,
499 3699 566 3770 Ego
590 3712 689 3755 autent
710 3698 806 3765 nolo,
832 3698 885 3753 sed
913 3698 1050 3753 sufficere
1077 3706 1170 3768 puto,
1225 3710 1228 3715 ·

124 3793 220 3849 verbo
247 3792 380 3847 hominis
404 3809 452 3848 me
480 3804 596 3850 tantum
621 3793 800 3850 reverentia
826 3792 950 3862 gradum
973 3792 1110 3859 dedisse,
1137 3799 1171 3844 ut
1243 3866 1249 3878 ι

178 4086 208 4133 a)
237 4078 300 4127 Vir.
315 4080 382 4132 Jen,
399 4033 506 4139 pr'cprie.
