2574 4732
560 249 651 375 rsr'c.
1070 309 1129 379 ιιι

84 472 114 521 et
133 466 235 523 literas
255 471 483 539 expectaturum
505 481 521 519 a
541 465 642 527 nobis.
677 465 769 527 Nune
793 467 827 532 id
848 469 993 537 egendum
1014 479 1061 526 est
1071 508 1087 539 ,v
1098 479 1133 527 ut

84 575 123 614 ex
139 553 179 626 b)
197 559 383 614 Buttsracho
403 560 582 637 quantoplus
603 575 783 630 responsum
801 561 983 625 habeamus:
1009 575 1132 620 centum

84 662 184 709 autem
205 653 337 709 florenos
360 655 483 709 omnino
501 671 557 727 pro
578 653 727 725 stipendio
749 654 832 725 petit.
875 655 909 710 In
931 665 994 712 tota
1016 658 1075 714 hac
1097 675 1132 714 re

83 745 147 803 hoc
167 748 300 802 maxime
319 747 485 802 curandum
505 758 570 819 est,
588 765 627 801 ne
647 748 725 808 inter
743 747 816 802 duas
837 743 927 802 sellas
950 750 1005 814 (ιιι
1026 748 1134 821 ajunt)

84 841 198 896 frustra
218 841 398 909 sedeamus,
416 842 441 896 si
466 840 769 901 commiserimus,
790 849 821 896 et
839 840 889 895 ille
905 841 986 896 lortc
1006 844 1064 900 alio
1085 845 1134 902 vel

83 943 212 990 vocatus
231 950 287 1004 per
303 933 540 1004 Moguntirmm,
559 935 606 989 vel
627 951 680 989 sua
698 944 805 1006 sponte
826 934 928 989 iverit.
944 933 1133 997 Nostrorum

84 1027 204 1098 plurimi
229 1029 351 1084 fortiter
369 1030 444 1101 apud
465 1044 514 1083 me
535 1029 752 1096 sollicitarunt,
780 1038 814 1083 ιιι
836 1027 1002 1084 Matthaeus
1022 1031 1134 1086 retine.

85 1129 171 1175 retur
190 1122 297 1176 saltem
315 1123 351 1177 ad
371 1138 500 1191 annum,
519 1122 609 1178 etiam
629 1124 664 1179 ad
685 1123 862 1191 infamiam,
881 1124 924 1177 nti
943 1128 1067 1194 putant,
1086 1142 1137 1181 an.

85 1216 318 1284 tevertendsm,
347 1227 473 1289 propter
498 1217 622 1289 eclipsin
652 1216 755 1285 illam,
786 1233 852 1287 quse
883 1214 968 1275 illum
996 1218 1077 1273 forts
1106 1219 1136 1275 in

85 1308 188 1364 odium
217 1312 314 1367 nostri
335 1313 500 1382 suscipiet,
524 1319 559 1366 ut
588 1312 666 1365 ferna
695 1320 751 1367 est.
797 1310 857 1366 Ubi
878 1321 977 1366 sutem
999 1312 1136 1368 scribere

87 1412 148 1458 tam
176 1403 263 1461 brevi
292 1421 352 1461 non
379 1407 511 1478 poteris,
532 1405 603 1477 quid
627 1405 797 1460 laciendum
821 1407 873 1473 sit,
890 1404 953 1460 hoo
973 1386 1080 1460 saltem
1101 1407 1137 1464 ad

86 1496 241 1552 Berlinum
261 1500 287 1554 ei
302 1500 495 1557 scribendum
514 1508 577 1569 est,
595 1510 630 1554 ut
648 1515 709 1557 non
728 1510 870 1568 gravetur
888 1499 998 1555 diutius
1015 1500 1137 1555 differre

86 1592 252 1661 negotium.
297 1594 453 1664 Suspicor,
471 1610 541 1648 eum
558 1593 606 1649 vel
624 1592 848 1648 Francolordiae
873 1592 921 1646 vel
938 1591 1046 1664 Lipsiae
1063 1609 1139 1664 pro.
1166 1613 1169 1618 ’

88 1685 251 1742 sessionem
262 1688 421 1743 Hebraeum
434 1703 539 1744 secum
556 1686 712 1750 statuisse,
724 1686 749 1741 si
766 1687 918 1760 apudncs
931 1702 993 1742 non
1007 1687 1138 1743 licuerit.

87 1778 250 1852 Responde
273 1782 347 1837 cito.
642 1836 648 1842 .

31 1914 34 1922 .
70 1899 73 1903 ·
154 1875 292 1929 Demea
311 1875 569 1945 causajsctatnr,
597 1887 663 1930 esse
683 1882 789 1930 contra
814 1891 864 1929 mc
889 1890 1059 1931 censuram·
1076 1892 1138 1947 pro

53 1965 55 1968 ’
87 1967 228 2022 manibus
248 1968 384 2022 omnium
404 1964 664 2035 durissimem⁰):
697 1968 741 2023 sic
766 1967 846 2022 enim
862 1968 1047 2040 Praepositns
1067 1970 1139 2026 Hel.

87 2061 178 2117 lenais
202 2047 285 2116 Novi
311 2064 411 2134 operis
433 2080 482 2118 me
508 2064 582 2118 lecit
607 2062 725 2119 moneri
750 2070 780 2117 et
804 2063 931 2130 avisari,
960 2071 995 2118 ut
1016 2072 1136 2120 vocent.

87 2153 208 2210 Deinde
235 2155 324 2210 etism
351 2156 463 2215 inimici
494 2151 557 2217 'mei
585 2157 705 2229 quidam
732 2156 849 2212 miserti
874 2173 929 2227 per
954 2158 1068 2214 amicos
1098 2174 1139 2214 ex

88 2248 297 2304 Helberstadio
319 2250 457 2306 fecerunt
481 2252 598 2306 moneri
616 2265 687 2305 me:
714 2266 780 2305 esse
807 2250 954 2321 quendam
978 2255 1137 2309 doctorem

87 2345 259 2412 medicinas,
279 2345 329 2415 qui
349 2353 411 2399 arte
427 2347 542 2414 magica
560 2346 657 2402 lactus
675 2360 731 2414 pro
748 2343 833 2400 libito
851 2345 1025 2413 invisibilis,
1044 2362 1139 2416 quen.

89 2439 157 2492 dam
186 2440 317 2507 occidit,
348 2441 520 2494 mandatum
547 2438 711 2494 habentem
741 2447 771 2492 et
805 2438 962 2493 occidendi
990 2437 1138 2508 Lutheri,

88 2540 311 2601 venturumque
342 2534 376 2586 ad
408 2533 540 2587 futuram
559 2533 760 2591 ,Dominicam
790 2531 971 2586 ostensionis
999 2518 1165 2600 reliquiu'

91 2638 175 2676 rum:
205 2624 290 2677 valde
317 2623 380 2677 hoc
401 2633 576 2679 constanter
602 2634 752 2679 narratur.
787 2623 870 2680 Vale.
905 2624 1010 2677 Altera
1029 2621 1138 2696 Quasi.

92 2716 289 2784 modogeniti,
324 2716 461 2770 MDXX.

531 2807 683 2863 Martinus
701 2806 873 2876 Lutherus,
891 2807 1138 2878 Augustinianus.

522 3150 570 3207 ιι.
593 3149 710 3217 ltcrtt.

153 3419 156 3424 .
483 3292 765 3401 naocxxn

164 3484 212 3553 ιιι
239 3484 320 3557 itte.
352 3482 603 3565 natantum
634 3482 780 3565 urrttun
800 3494 835 3565 ιιι
858 3476 1060 3563 &mertun

108 3644 136 3694 t.
149 3644 217 3691 usur
232 3644 329 3695 enirm
345 3643 406 3694 ntur
421 3646 568 3693 armornm
588 3642 685 3693 tantun
699 3642 742 3698 tta
757 3642 809 3689 tem
825 3640 948 3696 sittttdtn
964 3637 1125 3696 §nonestus

547 3729 681 3785 ditrictae.

148 3969 177 4014 hl
201 3967 528 4022 'Codlen.÷Vltotll·
553 4005 557 4009 -

146 4055 171 4096 c)
201 4048 271 4099 eod.
293 4047 359 4098 Jcn.
381 4047 534 4096 dirissimum
