2574 4732
154 305 215 375 292
621 304 725 375 „ittet

149 477 212 533 ,ιιρε
229 473 297 517 esse
318 459 419 516 vietus
438 459 621 527 elamoreet
638 471 746 532 gestu,
768 460 831 517 hoc
853 466 920 524 est,
948 458 1080 520 Enoieus
1097 461 1205 518 mode.

151 554 225 612 stis:
243 552 289 611 sie
305 554 385 610 euim
403 553 467 625 ipse
485 563 587 609 voest.

211 645 331 732 'verum
349 657 508 724 antequem
524 662 589 704 rem
606 649 701 720 ipsem
718 649 834 716 dietim,
852 646 1019 719 praefnbor,
1038 656 1069 708 et
1082 648 1202 703 veniam

39 758 43 783 ι
148 750 266 821 meum,
284 741 310 798 si
328 740 468 801 homines
488 742 803 825 quosdeminvolve'm
816 742 945 814 puriter,
963 741 1092 799 libenter
1108 741 1203 798 omis.

147 849 255 915 turus,
277 834 303 890 si
325 835 382 907 ipsi
403 850 472 892 sese
492 850 553 889 non
574 836 773 905 involvissem
794 837 858 892 eine
883 851 990 903 onnes,
1017 846 1050 890 et
1070 845 1106 890 ut
1124 835 1202 892 diei·
1251 877 1252 880 η

146 934 222 993 tur,
256 927 408 985 neutrales
434 938 464 984 et
490 927 695 986 indifferentes
723 927 899 987 habuissent
925 928 1079 1000 utrinque.
1121 928 1197 985 Ideo

144 1035 207 1077 non
228 1020 321 1105 mihi,
348 1022 401 1077 sed
422 1019 479 1077 sibi
499 1021 708 1092 imputabunt,
740 1024 765 1078 ei
791 1031 950 1093 tangentur
968 1033 999 1079 et
1014 1023 1090 1094 ipsi,
1117 1038 1198 1093 quoe

143 1131 199 1186 pur
209 1100 323 1184 glorie
342 1114 476 1171 studium
499 1122 531 1169 et
549 1115 714 1180 inveterata
730 1116 794 1187 jem
816 1117 866 1172 diu
888 1114 998 1172 invidie
1018 1115 1121 1185 coegit
1139 1131 1196 1186 pro

142 1206 241 1289 Eeeio
262 1216 371 1265 contre
394 1223 451 1264 nos
474 1206 662 1271 machinari.
692 1227 755 1267 non
784 1210 878 1273 bones
906 1208 1075 1266 machinas.
1121 1207 1196 1265 Non

144 1315 216 1358 seue
239 1316 345 1357 omnes
370 1300 450 1359 dieo.
492 1299 573 1357 Nem
593 1303 711 1360 suntin
729 1319 764 1359 en
784 1303 946 1363 Academia
969 1302 1196 1375 praeclarissime

144 1393 347 1451 eandidissimi
366 1402 397 1450 et
413 1402 571 1451 rectorum
585 1396 756 1454 studiorum
771 1395 877 1469 optimi
897 1405 1085 1463 assertores,
1104 1407 1194 1467 etque

141 1484 240 1544 boo
231 1502 298 1559 ipso
325 1494 427 1544 tamen
451 1489 573 1557 nomine
604 1489 727 1547 ulterius
753 1491 833 1549 illius
852 1490 993 1547 fermenti
1019 1489 1195 1546 bominibus
1252 1534 1255 1539 .

140 1582 226 1638 velut
250 1583 379 1641 sudes
370 1599 401 1640 ιιι
426 1584 523 1639 oeulis
554 1589 584 1638 et
609 1584 823 1642 offendiculum
846 1601 863 1638 u
888 1584 1002 1653 latere,
1036 1592 1069 1639 ut
1088 1581 1194 1638 dueum
1240 1595 1243 1600 ·

139 1675 243 1733 verbis
258 1675 405 1733 dixerim:
423 1677 476 1733 ted
495 1688 526 1731 et
542 1677 793 1749 prudentissimus
809 1685 928 1735 senstus
950 1676 1193 1748 umetissimique

140 1771 224 1828 eires
247 1778 312 1827 tem
333 1771 442 1829 ebsuot
462 1771 499 1826 sb
519 1769 582 1842 hou
604 1772 736 1844 maligno
758 1773 907 1843 ingenio„
924 1779 959 1828 ut
983 1788 1073 1827 nemo
1098 1773 1193 1840 magis

140 1862 330 1920 abominetur
344 1864 407 1921 boo
423 1880 601 1937 perversum
622 1866 753 1925 elbonis
770 1867 863 1923 literis
879 1865 1032 1923 inimicum
1052 1880 1156 1934 genus.

209 1956 355 2025 Omnium
367 1964 467 2015 sutem
484 1959 615 2040 menime
633 1960 796 2017 laudandus
809 1970 858 2025 ,est
873 1960 1091 2026 illustrissimus
1104 1958 1192 2014 Prin.

139 2067 212 2123 ceps
229 2050 307 2107 Dux
325 2051 494 2121 Georgius,
519 2052 569 2124 qui
592 2069 665 2123 vere
683 2053 838 2125 principali
859 2054 1014 2109 clementie
1042 2062 1072 2108 et
1094 2055 1192 2107 muni.

137 2143 257 2200 fluentis
276 2143 352 2201 nibil
372 2144 496 2213 omisit,
514 2144 596 2216 quod
616 2147 653 2202 sd
674 2146 882 2211 felicissimum
903 2144 994 2216 huius
1013 2146 1191 2219 disputatio.

136 2238 184 2295 nis
212 2237 346 2292 fructum
374 2236 475 2292 lacere
501 2236 615 2307 possit,
639 2238 744 2294 situlis
763 2239 885 2297 luisset,
911 2247 945 2292 ut
965 2238 1187 2311 putaverimus,

136 2326 310 2403 posthebits
329 2328 442 2400 glorie,
462 2338 664 2401 quereretur:
683 2331 810 2401 denique
830 2338 861 2384 et
876 2345 930 2397 sue
948 2328 1185 2400 splendidissime

136 2423 294 2503 presentia
321 2423 350 2480 id
375 2422 488 2492 negotii
516 2422 651 2492 dignatus
676 2439 723 2480 est
746 2422 872 2479 mirifice
899 2423 1063 2483 illustrare,
1086 2424 1186 2477 omnin

139 2533 250 2574 uerene
272 2527 303 2574 et
321 2532 466 2586 monens,
484 2526 519 2572 ut
536 2517 673 2573 modeste
693 2526 725 2574 et
745 2518 910 2589 querende
929 2517 1063 2573 veritatis
1083 2517 1185 2571 studio

138 2623 309 2692 egerentur.
342 2609 428 2667 Nihil
449 2627 522 2681 ergo
542 2611 661 2684 optimae
679 2611 752 2668 huic
773 2609 992 2681 Academlae2)
1010 2627 1058 2664 me
1074 2610 1186 2664 debere

138 2706 306 2776 confiteor,
329 2721 417 2778 quem
431 2723 553 2762 omnem
573 2707 725 2763 honorem
746 2714 776 2760 et
794 2721 886 2761 omne
907 2705 1055 2760 officium:
1081 2704 1187 2760 dunin.

136 2811 190 2857 κει
215 2802 357 2857 invidiam
378 2801 567 2872 quorundam
589 2797 647 2870 (ut
668 2808 738 2856 sunt
763 2814 811 2854 ree
838 2800 1012 2855 mortalium
1043 2813 1083 2854 ex
1105 2797 1186 2852 uulln

138 2903 223 2969 perte
240 2894 383 2964 integras)
402 2895 501 2949 fateor
517 2895 592 2950 mihi
607 2896 680 2950 estis
697 2894 893 2966 displicuisse.

207 2990 302 3058 Igitur
316 2989 381 3044 haee
398 2997 445 3044 est
464 2990 528 3044 eive
545 2989 706 3059 tragoedis,
723 2990 788 3044 sive
810 2987 958 3043 comoedia
973 2986 1183 3068 hujus3dispu.

135 3084 258 3140 tutionis
283 3079 393 3155 (quem
420 3093 548 3151 satyrum
569 3083 669 3154 potius
690 3081 835 3145 dixeris).
870 3080 975 3137 Primo
997 3090 1118 3153 ruptum
1137 3095 1183 3136 εει

135 3185 275 3249 pactum,
298 3192 359 3248 quo
387 3181 465 3230 inter
492 3174 621 3230 Ennium
652 3184 683 3230 et
707 3191 768 3244 4ιιοε
795 3183 1001 3242 convenerat,
1030 3184 1064 3228 ut
1087 3175 1182 3230 libere

135 3270 352 3340 disputaretur,
366 3279 397 3325 et
414 3281 542 3343 excepte
556 3288 611 3341 per
625 3268 761 3326 notarios
775 3268 804 3323 in
821 3268 976 3339 publicum
990 3269 1083 3324 totius
1098 3269 1182 3326 orbis

130 3363 279 3435 judicium
299 3363 479 3431 ederentur,
504 3364 758 3435 quemadmodum
775 3364 804 3417 in
821 3363 916 3417 literis
932 3362 1073 3433 utrinque
1093 3365 1181 3420 editis

134 3456 252 3525 legitur.
288 3455 368 3510 Nam
383 3457 479 3512 voluit
497 3458 598 3529 potius
612 3456 725 3512 Eoeius
742 3466 848 3512 noster
863 3458 927 3511 eine
946 3457 1070 3512 notariis
1088 3458 1180 3513 meris

135 3560 166 3606 et
185 3549 288 3629 liberis
310 3550 492 3607 elamoribus
515 3568 581 3606 rem
605 3553 673 3621 egi:
703 3558 922 3606 consenserunt
953 3550 982 3604 in
1010 3550 1089 3605 idem
1119 3566 1181 3605 suns

134 3644 272 3701 factionis
295 3643 361 3698 viri.
405 3643 463 3700 Ubi
486 3644 549 3700 hoc
574 3644 711 3717 obtinere
735 3659 797 3699 non
824 3651 1009 3715 potueruut,
1030 3645 1065 3711 ed
1091 3643 1179 3697 nlinm

132 3741 212 3812 neoti
233 3737 403 3795 illusionem
427 3739 504 3795 itum
524 3746 590 3807 est,
617 3737 735 3796 scilieet
757 3753 795 3793 ne
822 3743 949 3809 excepte
970 3751 1025 3808 per
1041 3735 1178 3791 notarios

186 3995 217 4079 ι’)
244 4029 378 4088 eetigr.
405 3997 542 4079 elidet:
569 4025 743 4079 universitatis.
