2574 4732
623 331 714 400 1619.

545 490 597 544 to.
623 486 794 558 scitust.

542 648 604 724 ΝΟ.
624 650 793 722 cxxtil„

473 811 522 882 itt
556 807 650 894 itti.
687 811 880 895 orantis.

188 946 321 1019 nausis
330 964 723 1023 manassessttutnssnn
737 964 1194 1026 smumsunseunsuntust
1264 1020 1269 1029 ,

148 1057 194 1105 stit
208 1056 314 1114 sitisti
329 1053 426 1108 subiet
440 1055 476 1103 tte
489 1055 606 1111 ittattste
620 1056 795 1110 minutatione
816 1053 896 1106 nelos
910 1053 946 1101 lit
960 1052 1077 1107 tristius
1093 1056 1195 1112 naneti

149 1143 286 1199 meister
301 1143 391 1199 butten
406 1143 453 1191 tani
467 1141 553 1196 inritet
566 1142 606 1197 io
619 1142 676 1192 tate
690 1143 726 1190 tte
742 1142 839 1196 &nitier
855 1141 964 1199 wisunt
977 1141 1050 1194 intes
1064 1143 1194 1200 opuscula.

594 1253 737 1271 ιιι-,Ω

184 1328 236 1382 Μ
251 1326 431 1378 tuitiensi
447 1331 469 1378 1.
484 1332 533 1380 tsi.
555 1329 655 1383 oratio
667 1329 708 1382 itt
723 1326 822 1380 bilai&
838 1327 900 1376 XV.-
919 1325 982 1380 “tifi-
995 1326 1042 1374 tic.
1060 1327 1156 1376 xxxi.

149 1481 325 1542 Reuerendo
341 1488 370 1538 et
386 1481 499 1554 optim
515 1481 626 1552 Patri,
643 1480 781 1539 lobatoni
797 1480 961 1552 Stoupitim
976 1476 1194 1536 Ενοιηίιανιιιιι

215 1576 263 1634 St.
280 1576 449 1652 Auqttstini
469 1574 616 1646 Vicarto,
642 1592 699 1633 suo
720 1579 753 1632 in
772 1572 893 1632 Christo
910 1571 1032 1630 colendo
1049 1572 1193 1631 Patrono

214 1686 253 1728 aa
271 1669 409 1742 Majori.

597 1815 747 1873 Jesus.

144 1943 297 2036 Salonem.
314 1978 381 2036 Etsi
399 1989 433 2035 to
450 1977 578 2035 multum
592 1977 682 2035 nobis
700 1987 733 2034 et
747 1977 840 2034 distas
856 1986 894 2052 et·
905 1983 1007 2046 taces,
1025 1978 1192 2035 reverentie

143 2074 255 2143 Peter,
273 2089 331 2130 uec
351 2073 581 2147 expectantibus
595 2072 853 2147 expectatissimas
871 2073 973 2128 literas
990 2073 1113 2129 scribis:
1132 2087 1191 2130 nos

143 2177 245 2223 tamen
261 2182 435 2236 rumpemus
450 2166 611 2223 silentium.
648 2166 797 2240 Optamus
819 2183 875 2222 nos
885 2207 894 2235 ,
914 2175 1018 2237 optant
1039 2183 1145 2223 omnes
1159 2175 1191 2222 te

144 2263 175 2318 in
198 2263 256 2317 hac
277 2262 361 2334 plaga
381 2262 449 2316 omli
467 2262 624 2334 aliquando
645 2261 753 2318 videri.
788 2259 888 2315 Credo
908 2261 944 2316 aa
968 2271 1000 2316 te
1017 2261 1191 2331 pervenisse

143 2357 221 2413 Acta
239 2373 328 2425 anea,
352 2355 382 2411 itl
401 2366 470 2425 ess,
493 2357 569 2412 iram
589 2367 619 2413 et
634 2356 868 2425 indignationem
886 2355 1075 2411 Romanam:
1103 2354 1191 2410 Deus

144 2451 237 2521 rapit.
256 2449 357 2521 pellit,
380 2451 491 2506 nedum
508 2450 592 2506 ducit
608 2467 674 2507 me:
699 2465 761 2505 non
782 2461 850 2506 sum
859 2458 996 2520 ‘compos
1011 2449 1089 2504 mei:
1117 2448 1190 2505 rolo

145 2557 211 2597 esse
228 2544 363 2613 quietnst
377 2545 540 2620 *et-rapior
557 2544 586 2599 in
604 2543 721 2599 medios
739 2542 895 2598 tumultus

214 2634 342 2690 Carolus
354 2634 496 2691 Miltitius
509 2653 560 2690 me
577 2637 651 2691 vidit
666 2635 864 2703 Altenburgi,
882 2642 1090 2706 conquestus,
1108 2632 1191 2704 qnod

98 2742 106 2799 q
146 2727 254 2782 orbem
270 2735 369 2782 totum
385 2727 459 2782 mibi
478 2729 711 2798 ooannxerim,
733 2739 764 2785 et
783 2729 871 2799 Papaa
890 2727 1109 2783 abstraxerim:
1137 2739 1193 2780 ex.

144 2823 296 2892 ploratum
314 2837 347 2876 se
364 2819 479 2874 babere
498 2837 553 2891 per
571 2821 702 2891 hospitia
719 2829 847 2889 cuncta,
865 2822 947 2891 quod
967 2821 1045 2875 inter
1058 2823 1198 2890 quinque-

142 2916 282 2970 homines
301 2926 363 2969 tres
380 2922 431 2968 aut
449 2913 509 2969 dno
529 2912 582 2968 vix
595 2913 739 2968 Romana
754 2913 831 2985 parti
851 2913 1001 2968 faverent:
1021 2912 1077 2967 fnit
1095 2927 1194 2966 arma.

144 3018 192 3065 tos
214 3011 249 3067 70
264 3005 413 3062 Brevibns
431 3007 622 3078 apostolicis,
639 3009 670 3063 io
685 3008 747 3063 hoc
766 3006 936 3076 negotium,
954 3017 988 3060 ut
1004 3022 1053 3060 me
1069 3017 1190 3078 captum

142 3103 323 3175 perduceret
343 3103 372 3156 in
392 3101 575 3156 homicidam
598 3100 790 3170 Jerusalem,
817 3111 1010 3172 purpuratam
1033 3100 1113 3154 illam
1133 3100 1192 3154 Ba.

143 3195 302 3267 bylonem,
321 3204 354 3249 ut
372 3206 476 3267 postea
496 3210 536 3249 ex
556 3195 621 3250 aula
638 3195 788 3268 Principis
805 3194 917 3267 accepi.
952 3192 1044 3268 Quod
1059 3194 1190 3249 studium

143 3307 213 3345 cum
238 3291 428 3360 desperatum
456 3298 554 3357 esset,
578 3289 670 3361 coepit
688 3306 795 3360 agere,
821 3299 855 3345 ut
876 3289 1020 3344 Romana
1045 3287 1190 3346 Ecclesin

143 3383 352 3450 restituerem,
372 3384 454 3452 quod
473 3383 681 3452 abstulissem,
700 3393 732 3438 et
749 3381 939 3439 revocarem.

212 3476 288 3531 Cum
313 3486 413 3532 autem
437 3486 592 3549 peterem,
621 3486 656 3532 ut
689 3477 815 3533 doceret
842 3477 1036 3544 revocanda,
1069 3476 1190 3533 tandem
1257 3522 1260 3529 ,

143 3572 358 3640 convenimus,
377 3579 410 3625 nt
425 3572 575 3643 episcopis
597 3572 712 3644 aliquot
732 3587 822 3628 causa
840 3572 1104 3627 committeretur:
1131 3587 1189 3641 ego

142 3665 293 3722 nominavi
314 3664 587 3738 Archiepiscopuan
614 3666 882 3735 salzburgensem,
914 3665 1131 3721 Trevirensem
1158 3673 1189 3719 et

143 3757 401 3827 Freisingensem:
433 3768 523 3829 atque
544 3760 681 3831 vesperi,
711 3776 760 3816 me
780 3771 926 3831 accepto,
950 3759 1112 3824 convivio,
1141 3755 1190 3811 lae.

143 3851 197 3905 tati
216 3866 345 3921 sumus,
372 3861 402 3907 et
425 3853 532 3908 osculo
556 3853 630 3909 mihi
660 3855 730 3909 dato
757 3852 970 3909 discessimus:
998 3867 1054 3918 ego
1074 3849 1118 3904 sic
1140 3864 1190 3902 me

144 3943 244 4012 gessi,
273 3945 357 4015 quasi
380 3945 435 3999 has
458 3945 601 4002 ltalitates
621 3956 653 4002 et
672 3947 877 4002 simulationes
899 3961 960 3999 non
980 3941 1188 4010 intelligerem.

143 4036 313 4092 Tetzelinm
330 4055 449 4109 qnoque
465 4040 587 4094 vocavit
601 4050 632 4094 et
652 4041 834 4111 increparit:
854 4037 973 4094 tandem
993 4035 1101 4108 Lipsiae
1119 4052 1188 4091 enm
