2574 4732
555 359 645 430 1616,
1084 368 1124 439 35

136 514 194 575 Dc
213 517 302 579 tertia
320 515 535 588 conclusione,
554 536 646 593 quam
664 530 726 578 non
748 521 846 594 cepis,
863 532 898 580 ut
916 524 1009 595 dieis,
1027 533 1125 581 esest
1161 553 1163 557 ·

74 608 216 680 Magistri
234 610 447 682 Bartholomaei
467 613 683 685 intelligentias
710 617 790 687 quod
810 616 961 688 charitas,
988 635 1051 690 quae
1068 634 1122 674 ex.

75 713 178 777 pectet
199 698 473 772 (secundum‘istos
490 705 703 777 theologistas)
719 719 886 764 extremum
902 713 1123 782 necessitatem,

76 799 237 867 tetinero,
255 798 317 854 imo
336 800 533 869 inertissima,
551 801 581 856 id
600 809 665 870 est,
682 802 763 857 nulla
783 820 920 874 prorsus.
947 804 1024 860 Cum
1043 793 1122 863 etnim

78 893 229 957 charites,
255 894 302 948 sui
321 891 433 962 oblita,
459 903 587 964 quaerat,
615 912 681 968 qno
708 907 778 952 sunt
802 898 946 954 aliorum}
970 902 1124 971 quomodo

78 994 221 1059 expectat
236 988 650 1055 extremamnecessitatem,
676 1005 748 1045 cum
767 989 915 1056 hominis,
934 1004 992 1047 nec
1015 994 1127 1051 bellue.

79 1096 149 1137 rum
177 1096 235 1136 nec
260 1096 407 1137 nexorum
432 1089 538 1137 nttnra
567 1094 756 1154 expectatur.
791 1084 914 1141 Scilicet
941 1084 1127 1147 subtilissimi

83 1172 219 1243 theologi
236 1174 308 1229 illud
322 1172 486 1231 dohannisz
513 1173 543 1230 ti
560 1175 628 1246 qais
645 1177 754 1233 viderit
764 1176 906 1249 fratrem
922 1192 1013 1234 suum
1028 1196 1131 1238 neces.

79 1268 203 1325 uitatem
216 1265 349 1337 laedere,
372 1270 541 1340 intelligunt
560 1274 598 1329 de
621 1278 756 1326 extrema
778 1273 976 1342 necessitate,
1004 1284 1040 1329 ut
1063 1285 1129 1331 tum

29 1360 32 1365 ’
81 1340 210 1436 primum
231 1378 339 1434 pecces
360 1365 545 1432 mortaliter,
563 1365 588 1421 sl
608 1366 761 1422 morituro
776 1372 816 1420 etr
833 1367 910 1422 same
927 1382 989 1423 non
1007 1369 1129 1426 dederis

81 1453 199 1511 cibum:
228 1472 299 1511 cum
317 1455 366 1515 illc
384 1457 446 1513 hoo
466 1457 613 1524 voluerit,
640 1459 665 1513 si
684 1459 753 1530 quis
771 1460 879 1515 viderit
895 1442 1127 1517 tratrem-snum

82 1548 181 1622 aliquo
201 1565 277 1623 opus
289 1549 422 1615 hebere,
443 1559 494 1606 sut
511 1550 636 1619 alicujus
656 1552 808 1620 indigere,
826 1569 887 1622 quo
905 1555 999 1608 modo
1018 1555 1131 1610 Domi.

81 1657 139 1699 nos
158 1656 236 1716 ottus
253 1643 359 1699 hebuit
380 1643 463 1698 asino
480 1651 512 1698 et
527 1643 628 1714 pullo,
647 1653 677 1697 et
693 1643 862 1714 quomodo
879 1645 909 1699 in
929 1645 1055 1702 Actibus
1071 1646 1132 1704 dtu

82 1734 273 1793 tribuebatur
290 1735 569 1806 unicuique,.sicut
586 1744 663 1805 opus
682 1744 757 1790 erat.
811 1765 815 1771 ·
862 1778 865 1782 .

154 1827 269 1883 Contra
290 1829 379 1883 istam
396 1843 469 1897 ergo
489 1826 636 1882 infidelem
652 1828 874 1898 intelligentiam
895 1835 925 1886 et
948 1838 1043 1886 totam
1060 1831 1133 1886 chts

82 1922 208 1984 uitatem
219 1919 447 1990 extinguentem
463 1920 540 1976 dixit
556 1921 766 1977 inertissimam
780 1922 968 1977 charitatem.
987 1923 1036 1979 Ex
1049 1926 1132 1982 nullo

83 2017 217 2073 doctore
230 2029 295 2068 eum
312 2014 502 2087 accepimus,
518 2015 573 2070 nisi
587 2014 638 2070 illo
657 2015 707 2087 qui
725 2016 814 2071 dicit:
832 2031 1011 2091 quecunque
1026 2015 1130 2087 vrtltis,

83 2115 121 2165 tat
136 2105 270 2178 sanant
291 2105 372 2164 nodis
390 2100 544 2177 homines,
573 2115 603 2162 et
623 2125 675 2164 uos
691 2107 793 2176 sande
815 2107 888 2165 illis.
926 2094 983 2166 Sed
1002 2130 1059 2167 nec
1076 2112 1134 2169 illis

85 2201 213 2260 dubium
231 2217 298 2259 etse
319 2211 409 2272 puto,
436 2202 516 2274 quud
540 2202 565 2258 si
583 2203 700 2258 sitirent
718 2204 806 2259 etiam
822 2208 887 2259 'non
907 2205 944 2260 ad
961 2215 1134 2262 extremum

85 2295 271 2365 anhelitum,
289 2294 390 2352 'velint
409 2302 508 2352 tumen
526 2295 563 2353 eb
581 2289 644 2350 aliis
659 2297 758 2369 potari
768 2337 778 2366 ‚
806 2305 837 2352 et
854 2296 919 2353 laedi
936 2296 1133 2370 charitatem,
1154 2304 1158 2317 '
1188 2281 1189 2284 ¹

87 2391 113 2448 si
131 2406 193 2448 nnn
206 2392 374 2462 'potenturt
403 2405 436 2446 ec
456 2402 557 2446 temen
571 2406 632 2445 non
648 2389 754 2445 laedere
773 2388 970 2460 charitatem,
999 2393 1056 2449 nisi
1073 2409 1135 2465 prae

88 2485 136 2540 siti
160 2476 290 2556 alloquin
309 2484 458 2540 morituro
479 2483 682 2554 porrexerint.
719 2484 848 2559 Quando
869 2502 942 2554 crgo
959 2485 1017 2540 erit
1038 2486 1138 2542 chari.

88 2576 159 2634 tatis
184 2575 334 2634 odicium?
367 2575 446 2652 Quis
473 2576 616 2646 dictabit,
643 2578 761 2648 quando
789 2579 865 2633 adsit
891 2596 925 2632 eu
953 2578 1138 2635 necessitas?

88 2671 160 2727 Haec
172 2682 242 2727 sunt
259 2680 420 2742 portenta,
437 2687 502 2742 quan
521 2669 685 2726 movebant
700 2664 1036 2740 M.'Bartholomnum,
1056 2671 1138 2742 quod

91 2779 130 2819 ex
144 2776 193 2819 mc
208 2763 277 2818 talia
290 2744 435 2818 audierat.
465 2760 613 2832 Magister
629 2762 779 2816 Amsdorf
794 2762 956 2818 confitetur
971 2776 1004 2816 se
1024 2765 1139 2819 misisse

85 2853 179 2913 istam
202 2856 386 2930 positionem
412 2856 447 2910 nd
469 2871 525 2910 vos
545 2855 678 2926 praecisit
698 2853 808 2922 titulis,
839 2865 869 2909 et
885 2855 1051 2911 mirahatur
1076 2857 1140 2927 ipsc

91 2964 232 3022 quoquot
263 2949 316 3006 sed
339 2964 419 3010 nuuc
437 2948 565 3002 nonita.

158 3040 231 3100 Nou
248 3051 312 3097 eret
326 3057 402 3115 opus
418 3042 598 3113 quaestione,
616 3054 653 3095 nn
669 3040 778 3096 lrutres
792 3041 898 3097 novitii
911 3042 938 3096 in
954 3040 1021 3096 albo
1034 3041 1140 3100 habitu

92 3135 176 3192 fores·
192 3134 413 3192 ministrarent:
432 3136 456 3190 sl
470 3136 549 3190 enim
562 3137 641 3190 intus
654 3135 835 3205 ministrant,
854 3153 909 3190 cur
921 3152 981 3190 nou
996 3148 1025 3192 et
1044 3139 1141 3193 loris?

92 3235 141 3286 An
159 3239 285 3304 propter
302 3231 444 3301 populum
471 3237 676 3299 assumserunt
691 3238 721 3284 et
742 3231 843 3284 lerunt
862 3229 1017 3285 habitum?
1048 3231 1142 3299 Igitur

92 3339 217 3395 quoquc
241 3322 356 3377 licitum
372 3332 419 3378 est
445 3323 488 3378 eis
513 3323 557 3377 ire
580 3330 610 3375 ct
631 3322 780 3378 universis
807 3323 951 3379 frutribus
978 3327 1143 3379 secuudum

93 3425 224 3485 statuta,
241 3416 345 3487 utique
367 3432 437 3471 cum
455 3416 591 3472 vestibus
610 3415 673 3471 suis
691 3415 808 3470 licitum
827 3427 881 3474 est.
916 3417 1096 3493 Quanquam
1113 3419 1143 3473 in

92 3508 180 3567 ltslia
199 3509 278 3581 (pro
294 3525 352 3581 qua
369 3509 525 3581 provincia
537 3506 600 3564 lroo
612 3517 757 3565 statutum
774 3510 965 3582 potissimum
981 3521 1028 3567 est
1041 3512 1145 3575 latum,

95 3613 148 3660 sut
171 3602 279 3661 saltem
305 3604 473 3672 creditum,
502 3617 607 3659 omnes
631 3601 701 3658 slite
729 3602 866 3658 similiter
890 3606 1000 3673 agere)
1026 3618 1146 3674 semper

95 3698 188 3763 etism
208 3697 290 3755 intus
306 3697 337 3753 in
355 3698 475 3754 cucullo
491 3698 577 3767 nigro
593 3697 749 3754 inceduntt
770 3706 804 3752 nt
825 3699 869 3755 sio
885 3697 997 3770 ubique
1007 3698 1148 3753 dideren.

97 3793 139 3853 ua
159 3790 305 3869 titiuter
327 3791 461 3847 novitios
484 3800 514 3846 et
538 3791 705 3864 professos.
740 3789 789 3856 sto
808 3792 910 3862 sapio,
937 3791 1023 3847 salvo
1047 3799 1148 3844 temen

98 3885 265 3958 superioris
280 3884 409 3955 judicio.
925 3934 928 3939 ,

166 3978 196 4034 Si
219 3979 409 4051 responderit
434 3971 654 4033 dormiter
675 3975 832 4039 vicarius,
856 3978 1036 4050 quantocius
1054 3986 1082 4029 et
1101 3992 1150 4030 me

88 4072 265 4141 *certiorem
282 4070 381 4136 edaces
409 4069 520 4129 tenebo
534 4069 590 4136 hio
606 4070 681 4129 istos
705 4071 813 4128 tratres
832 4073 867 4128 ad
888 4073 1002 4142 aliquot
1018 4070 1080 4126 dies
1089 4106 1100 4138 ,
1118 4077 1152 4123 ut
