2574 4732
173 314 233 382 584
644 304 745 414 .1521.

173 477 305 541 torquet
329 481 377 522 res
406 462 568 530 acerbius,
596 477 685 533 quarn
713 459 794 532 quod
824 457 999 515 silvestrum
1029 457 1179 519 Italicum
1207 466 1241 515 et

174 567 267 621 laicos
296 561 431 616 eruditos
466 558 540 613 dixi.
581 555 648 625 Ego
671 552 773 609 autem
798 552 885 625 plane
912 552 985 607 illud
1014 568 1128 607 verum
1157 569 1239 608 nnnc

174 660 281 724 video,
307 654 503 710 Thomistam
522 658 631 722 parunt
649 665 716 704 ease
735 648 851 703 asinum
872 661 998 714 verum,
1027 646 1097 703 sive
1118 646 1239 713 sjtJtt.

176 753 246 817 lue,
272 749 337 804 sive
360 744 543 804 Germanus.
576 742 616 798 Et
643 743 714 817 qaid
739 741 817 796 aliud
844 739 974 811 fierent,
1007 740 1060 810 qai
1083 756 1152 797 non
1182 740 1237 795 niti

175 860 265 899 unam
284 842 439 896 Thomam
459 838 578 906 legunt,
596 845 706 892 vorant
722 844 752 889 et
772 835 801 890 ia
821 849 856 888 se
874 830 971 904 (qnod
991 830 1122 899 dicunt)
1141 843 1242 902 troas„

176 934 405 993 substantimtl
432 930 487 986 Cui
511 941 545 985 ut
567 947 628 985 non
652 927 773 984 invideo
790 926 1020 982 sanctimoniam
1039 941 1055 979 a
1072 925 1162 998 Papa
1183 925 1236 982 sibi

177 1031 275 1086 datam
303 1027 396 1097 (quid
418 1025 496 1079 enim
515 1040 575 1079 non
597 1034 687 1094 queat
705 1019 889 1101 sanctificare
913 1019 1178 1090 sanctissimus),
1202 1020 1237 1075 de

177 1141 239 1195 qao
260 1118 425 1175 incredibili
447 1119 524 1172 fasta
541 1115 735 1186 superbiunt,
754 1116 795 1189 ita
815 1129 900 1169 suam
918 1113 1093 1173 doctrinam
1108 1128 1237 1184 prorsus

177 1216 295 1270 inanem
320 1213 442 1282 spiritns
463 1227 524 1281 non
552 1209 657 1264 dubito
681 1209 828 1281 quandam
857 1209 931 1263 iram
953 1207 1014 1263 Dei
1043 1205 1183 1277 phialam
1208 1208 1238 1271 in

176 1319 289 1365 terrain
308 1322 375 1360 esse
396 1304 537 1371 missam,
563 1302 604 1357 ob
623 1319 713 1374 qnam
736 1311 836 1357 tamen
856 1301 1049 1372 potissimum
1071 1310 1125 1356 est
1146 1319 1238 1358 cano.

176 1403 305 1466 nicetus,
323 1411 358 1453 ut
376 1398 464 1467 quale
485 1407 565 1453 esset
585 1398 745 1462 meritum,
776 1394 841 1450 talis
871 1395 897 1450 ei
926 1395 1129 1448 canonisator
1161 1412 1237 1463 con,

176 1495 314 1562 tingeret.
350 1490 422 1546 Noa
448 1491 530 1559 quod
557 1505 663 1560 nepem
688 1488 773 1543 illum
803 1503 870 1543 esse
904 1496 1063 1554 sanctum,
1097 1491 1238 1559 quamvis

177 1603 291 1659 revera
312 1584 454 1639 haeretica
485 1586 593 1640 doceat
620 1595 650 1640 et
675 1584 760 1656 plane
793 1580 905 1636 Christi
931 1581 1109 1645 doctrinam
1141 1591 1239 1637 vastet

178 1680 260 1734 forte
282 1679 472 1748 imprudens,
499 1678 552 1734 sed
579 1679 660 1746 qaod
687 1676 807 1731 doleam
834 1674 932 1743 hujus⁴
949 1674 1121 1739 autoritate
1149 1675 1239 1745 falsos

177 1780 225 1826 tot
254 1787 419 1840 generosos
447 1771 563 1826 animos
588 1769 718 1825 fideliam
742 1768 854 1823 Christi
875 1784 930 1840 pro
953 1768 1075 1822 croceis
1095 1769 1239 1840 amplecti

179 1873 335 1928 stercora,
362 1875 396 1918 nt
414 1864 563 1919 «ieremias
582 1866 730 1935 queritur.

247 1960 303 2013 Sed
322 1959 415 2014 heus!
435 1958 516 2028 quod
537 1974 617 2027 paene
637 1957 750 2014 oblitus
768 1958 900 2024 luerem,
918 1972 956 2009 ne
975 1955 1164 2025 existimes,
1181 1957 1239 2012 hac

179 2051 372 2122 epistolariae
392 2053 490 2108 denno
510 2052 609 2120 redigi¹
621 2053 650 2106 ia
670 2061 751 2106 tuam
769 2051 978 2116 autoritatem,
1006 2067 1047 2104 ne
1067 2051 1156 2107 torte
1174 2067 1240 2108 saa·

180 2145 332 2199 ctissimus
359 2143 496 2200 vicarius
520 2145 580 2200 Dei
608 2146 637 2200 in
661 2146 753 2207 ,terris
777 2145 896 2198 mandet
923 2143 997 2211 tibi,
1029 2154 1065 2199 ut
1091 2146 1239 2215 sangnine

179 2251 248 2289 meo
275 2237 390 2305 polluas
408 2253 513 2292 manus
531 2248 607 2295 mas.
649 2237 742 2309 Quod
761 2240 847 2303 dico,
876 2253 913 2292 ne
932 2237 1032 2293 ethic
1051 2237 1249 2315 catharinae,

179 2328 450 2383 contradictionem
469 2330 605 2396 colligat,
625 2332 730 2400 inqua
749 2332 935 2387 observanda
954 2342 1015 2386 tam
1034 2343 1082 2389 est
1102 2333 1240 2401 ingenio.

179 2439 231 2478 sus
251 2433 280 2477 et
298 2433 423 2488 acutus,
442 2431 474 2476 ut
495 2421 567 2477 atini
585 2440 666 2492 pane
685 2435 782 2494 aeqaet
799 2426 986 2480 industriam.

558 2586 865 2658 llttlrlaltilt.

249 2708 282 2763 In
308 2708 363 2762 line
384 2709 417 2762 ad
446 2716 476 2763 te
502 2717 657 2775 revertor,
685 2709 724 2763 mi
748 2707 913 2774 Vincislae,
939 2706 1012 2763 satis
1031 2705 1178 2778 abunde,
1205 2718 1238 2764 nt

177 2803 291 2868 credo,
312 2803 480 2857 Catharinis
501 2805 575 2857 meis
593 2804 779 2866 obsecutus,
807 2818 868 2871 quo
889 2801 1026 2866 videant,
1046 2817 1112 2855 non
1135 2803 1236 2872 negari

178 2910 195 2946 a
215 2911 262 2947 me
283 2912 369 2964 quam
390 2896 515 2965 plurima
533 2896 561 2949 in
580 2897 736 2967 scripturis
756 2896 793 2950 de
813 2896 872 2949 isto
889 2896 1022 2966 ipsorum
1044 2897 1188 2968 principe
1207 2906 1237 2950 et

179 2988 275 3056 capite
294 2988 362 3041 dici.
399 2986 491 3058 Quod
512 2989 600 3041 etiam
619 3006 655 3042 eo
676 2990 816 3043 libentius
834 2988 911 3055 leci,
930 2989 1010 3058 quod
1028 2991 1235 3050 meminerim,

177 3078 207 3130 in
235 3081 405 3149 captivitate
436 3080 618 3150 Babylonica
648 3099 696 3136 me
723 3083 896 3152 promisisse
923 3083 1047 3136 alteram
1079 3085 1234 3152 quandam

178 3174 381 3228 revocationis
406 3182 536 3244 partem,
563 3176 681 3245 qualem
705 3187 866 3232 exactores
891 3176 938 3230 isti
962 3176 1121 3245 palinodias
1149 3179 1236 3233 indo.

177 3262 243 3316 miti
276 3274 305 3316 et
331 3266 455 3336 inquieti
487 3269 608 3340 papistae
636 3269 783 3324 hactenus
807 3287 869 3325 non
900 3270 1056 3325 audierint.
1092 3270 1131 3324 ld
1151 3272 1235 3341 qnod

177 3354 235 3409 hac
262 3356 395 3412 Danielis
417 3362 625 3430 explanatione
656 3362 788 3418 arbitror
815 3380 863 3417 me
894 3362 1067 3433 prestitisse
1097 3367 1235 3435 egregie.

108 3502 112 3513 ,
177 3448 338 3502 Voluerarn
358 3451 443 3520 plura
456 3454 549 3522 hujus
570 3455 722 3509 Catharini
743 3458 919 3522 confutare,
951 3456 1118 3526 praesertim
1140 3461 1236 3531 illud,

177 3544 258 3610 quod
280 3544 352 3597 mihi
374 3545 468 3598 homo
495 3547 690 3615 suavissimus
709 3559 739 3603 et
760 3549 949 3605 acutissimus
971 3550 1000 3603 T
1003 3550 1137 3606 ltotnista
1159 3571 1237 3626 con,

177 3637 276 3702 cedit,
296 3653 430 3691 amorem
449 3653 513 3691 esse
534 3641 666 3709 priorem
690 3645 760 3699 odio
780 3644 846 3708 (sic
867 3660 922 3710 ego
944 3645 1022 3698 enim
1044 3644 1235 3718 docueram,

177 3730 279 3783 odium
307 3733 422 3800 peccati
453 3741 483 3786 et
513 3735 725 3789 contritionem
760 3751 799 3789 ex
832 3751 935 3791 amore
965 3737 1089 3806 justitia
1124 3743 1236 3810 priore

177 3822 288 3888 liuere)
303 3844 310 3879 :
327 3841 432 3878 vorum
455 3841 587 3882 amorem
606 3828 688 3880 illum
708 3830 748 3884 ait
764 3844 829 3883 esse
848 3847 983 3885 amorem
996 3831 1058 3897 sui,
1079 3848 1144 3901 quo
1164 3851 1237 3894 aesc

175 3916 270 3969 homo
284 3918 393 3985 diligit,
412 3936 449 3974 ne
468 3931 570 3989 pereat
587 3933 677 3991 atque
694 3923 732 3976 ita
754 3935 912 3994 peccatum
929 3926 1028 3993 odiat,
1048 3943 1108 3981 non
1125 3930 1237 3989 vident

174 4008 514 4087 insulsissimamcapnt,
527 4033 660 4077 amorem
675 4016 756 4078 hunc
769 4032 835 4075 esse
849 4018 1058 4089 inordinatum,
1072 4025 1233 4101 servilem,
