2574 4732
548 301 644 368 1520.
1058 306 1124 380 lat

76 467 262 538 mendaciis,
279 466 333 525 sed
351 473 382 521 et
398 462 619 554 blasphemos
613 480 642 518 m
660 461 818 517 veritatem
838 464 1062 535 evangelicam?
1087 470 1124 527 In

74 562 135 621 hos
152 566 240 634 lupos
259 562 348 617 etlam
365 561 475 615 latrare
493 556 663 628 prohibes?

143 657 245 713 Testis
267 665 312 710 est
338 654 411 708 mihi
434 653 604 719 Dominus,
632 666 721 720 quam
742 665 791 704 me
816 611 964 720 cohibui,¹
989 671 1025 710 ne
1044 656 1125 714 hanc

75 752 253 806 maledicam
279 757 310 803 et
336 745 616 818 impotentissimam
639 744 813 799 schedulam
833 747 953 800 nomine
980 747 1123 824 Episcopi

78 861 140 899 non
160 851 337 898 reverenter
352 839 515 904 haberem,
533 837 669 891 dicturus
686 838 815 906 alioqui,
838 855 901 905 oriae
923 843 1046 896 cerebra
1067 846 1126 903 iste·

80 938 266 1012 oportuisset
285 935 402 1000 audire,
420 933 501 1003 quod
522 941 552 985 et
573 930 698 999 faciam,
718 930 768 985 ubi
790 934 885 1000 agnita
907 935 1036 989 editione
1057 954 1125 996 sese

79 1031 158 1086 tueri
179 1029 336 1101 coeperint.
370 1027 523 1097 impactos
544 1035 651 1080 teneo:
670 1036 778 1081 ettam
798 1038 904 1080 contra
920 1027 1008 1095 jura,
1025 1028 1128 1085 Euan.

81 1125 191 1193 gelium
210 1133 241 1178 et
261 1136 452 1177 communem
473 1122 594 1174 sensum
615 1130 765 1186 grassatos
789 1135 848 1172 non
870 1121 1029 1189 omittam,
1055 1126 1128 1191 quin

82 1220 185 1273 loturo
207 1217 320 1289 scripto
346 1223 492 1279 tractem,
517 1223 551 1267 ει
570 1212 751 1282 intelligant,
777 1215 847 1283 quid
869 1218 1057 1285 pepercerim
1076 1233 1129 1273 eo·

82 1327 151 1366 rum
169 1328 222 1367 seu
240 1309 360 1364 ruditati
379 1323 432 1363 seu
451 1306 578 1364 malitiae.

151 1405 222 1460 Non
245 1404 315 1459 satis
339 1403 436 1471 legisti
458 1400 649 1466 schedulam,
676 1407 710 1453 ut
736 1399 846 1467 video,
871 1416 930 1471 qua
953 1413 1058 1474 contra
1079 1420 1129 1463 me

84 1499 130 1565 (si
155 1515 215 1553 non
233 1506 303 1552 sunt
325 1494 464 1551 omnibus
483 1495 570 1548 asinis
590 1489 752 1576 rudiores)
778 1492 851 1547 nihil
871 1505 918 1548 est
939 1499 1128 1567 venenatius,

84 1591 287 1665 pestilentius,
307 1589 477 1657 malignius,
496 1587 668 1641 mendacius
687 1587 850 1656 scriptum,
870 1588 931 1642 imo
946 1605 1006 1643 noo
1026 1592 1054 1644 io
1070 1608 1131 1660 me,

85 1687 188 1740 sedin
206 1683 332 1739 verbum
353 1681 424 1738 Dei.
446 1679 602 1754 ‚Quodsi
623 1680 663 1734 ob
682 1678 760 1734 hanc
780 1696 845 1733 rem
868 1684 1047 1740 exulandum
1069 1694 1131 1754 eet,

86 1788 137 1834 aut
157 1779 243 1833 locus
263 1775 442 1839 mutandus,
467 1773 583 1827 aliudve
599 1774 785 1844 patiendum:
810 1775 888 1844 scis,
913 1793 1003 1848 quam
1024 1796 1080 1847 ego
1102 1779 1132 1835 id

85 1871 273 1928 incommodi
292 1876 467 1924 contemno.

56 1998 59 2009 ι
157 1963 298 2020 Obsecro
323 1971 371 2029 te,
398 1961 422 2015 si
446 1961 482 2014 de
504 1958 667 2030 Evangelio
691 1961 901 2022 reclamatis,
928 1963 990 2018 noli
1010 1973 1132 2035 putares

89 2074 155 2113 rem
165 2058 228 2126 ejus
245 2070 335 2127 posse
349 2055 412 2108 sine
428 2055 574 2116 tumultu,
595 2055 734 2110 scandalo
746 2093 756 2121 ,
768 2055 920 2110 *seditione
939 2057 994 2122 agi.
1029 2057 1078 2112 Tu
1093 2073 1142 2114 ex*

90 2152 187 2221 gladio
201 2167 261 2204 nun
279 2149 370 2203 facies
388 2147 530 2218 plumam,
554 2165 609 2202 nec
628 2163 668 2201 ex
686 2148 766 2204 bello
785 2166 906 2222 pacem:
926 2150 1053 2205 verbum
1071 2154 1131 2209 Dei

90 2245 202 2314 gladius
216 2253 281 2310 est,
308 2242 420 2295 bellum
438 2250 500 2310 εει,
525 2240 609 2296 mina
628 2250 693 2310 εει,
719 2244 890 2298 scandalum
913 2254 979 2310 est,
1005 2247 1134 2317 perditio

91 2347 160 2408 εει,
185 2353 334 2392 venenum
357 2343 421 2402 est,
448 2343 477 2390 ει
505 2330 562 2404 (ει
582 2336 678 2391 Amos
697 2337 757 2401 ait)
776 2337 854 2390 sicut
876 2354 964 2392 ursus
983 2341 1012 2393 in
1035 2341 1080 2393 via
1106 2349 1137 2394 et

90 2433 181 2489 leaena
199 2431 227 2485 in
246 2429 336 2498 silva,
361 2430 405 2484 sic
424 2431 559 2484 occurrit
575 2429 642 2484 filiis
659 2429 814 2500 Ephraim.
851 2429 955 2498 Longe
971 2431 1138 2485 vehemen-

91 2525 151 2580 tius
170 2525 198 2578 in
216 2523 342 2591 Emser‚
367 2522 511 2589 Eccium,
536 2522 641 2577 Tetzel
660 2523 784 2593 scrlpsi,
814 2532 844 2575 et
861 2523 935 2576 nihil
954 2539 987 2576 εε
1005 2512 1140 2592 conque·

93 2625 171 2670 stus.
190 2614 272 2687 Quid
291 2615 316 2668 si
336 2615 425 2669 etiam
443 2613 584 2668 Officialis
603 2623 653 2669 aut
671 2615 747 2669 adeo
764 2611 934 2684 Episcopus
955 2630 1015 2667 non
1028 2629 1141 2684 agnos.

95 2717 144 2763 cat
162 2706 347 2762 editionem?

163 2801 276 2870 Majori
296 2798 429 2867 periculo
449 2797 503 2869 ipsi
522 2796 678 2863 scribunt,
695 2813 787 2868 quam
805 2813 880 2866 ego:
900 2799 950 2868 qui
968 2796 1144 2869 Evangelii,
1176 2858 1183 2868 ,

93 2897 224 2969 jurium,
252 2892 376 2948 rationis
396 2893 538 2946 naturalis
557 2902 587 2946 ει
605 2891 703 2946 omnis
722 2906 827 2945 sensus
850 2892 924 2945 adeo
947 2903 1016 2947 sunt
1035 2893 1142 2960 obliti,
1226 2912 1229 2913 ⁷

95 2999 131 3045 ει
159 3005 197 3043 ne
224 2987 254 3043 id
278 2986 398 3057 quidem
422 2985 597 3071 curarint,
600 3001 637 3039 ne
663 3000 711 3039 me
736 2999 799 3038 non
825 2984 1017 3054 damnarent,
1044 3000 1142 3056 neque

97 3093 259 3148 vocatum,
276 3095 374 3150 neque
392 3078 557 3146 monitum,
582 3094 679 3148 neque
697 3078 862 3144 edoctum,
886 3094 980 3149 eaque
999 3089 1144 3147 egerunt,

99 3194 163 3248 quae
181 3177 261 3231 nulla
279 3175 395 3230 ratione
416 3191 431 3226 a
456 3189 505 3226 me
526 3172 582 3228 sibi
607 3172 671 3227 lieri
694 3179 885 3242 paterentur,
903 3188 971 3242 quas
987 3188 1044 3228 nec
1061 3174 1143 3234 secie

99 3272 204 3326 saltem
222 3269 375 3340 Episcopo
395 3277 425 3322 et
444 3266 581 3323 Officiali.

167 3361 320 3417 Prodeant
348 3376 440 3428 sane,
467 3359 491 3414 si
515 3359 602 3414 libet:
632 3367 681 3425 ει,
705 3359 731 3414 si
754 3357 838 3414 obliti
859 3358 971 3415 luerint
997 3360 1144 3420 decorum

102 3455 278 3528 episcopalis
303 3469 456 3525 personae,
484 3461 535 3506 aut
559 3453 649 3508 etiam
678 3453 842 3520 Ollicialis,
867 3468 905 3507 ne
929 3453 1065 3518 dubites.
1088 3473 1146 3526 ego

103 3549 240 3603 adductis
259 3548 414 3617 scripturis
430 3545 475 3600 sui
496 3545 600 3600 decori
622 3547 746 3617 pulchre
765 3563 819 3601 eos
838 3563 989 3602 memores
1012 3550 1146 3605 reddam·

102 3643 174 3698 Non
190 3656 313 3713 possum
331 3642 435 3695 timere
456 3639 639 3711 praecipitem
659 3649 689 3695 ct
709 3641 860 3695 indoctam
877 3641 965 3696 istam
986 3642 1144 3698 invidiam

104 3738 148 3793 sic
167 3737 323 3811 Deuslme
349 3736 435 3804 rapit.
471 3733 532 3808 Qui
554 3735 686 3801 viderit,
714 3735 785 3805 quid
807 3736 896 3790 faciat
919 3751 972 3806 per
994 3747 1149 3803 mc,eu11

104 3828 179 3885 mihi
192 3829 248 3883 sim
264 3837 382 3889 certus,
401 3827 476 3882 nihil
495 3829 606 3882 horum
625 3844 664 3882 ex
681 3845 728 3882 me
750 3828 923 3898 mraesitum,
942 3835 992 3881 εει
1009 3828 1151 3901 petitum)

105 3922 157 3977 sed
176 3923 276 3976 omnia
295 3922 390 3976 alieno
412 3922 514 3976 lurore
533 3922 606 3979 mihi
623 3923 813 3997 extorqueri.

184 4012 304 4095 eutr.
410 4052 415 4061 -
869 4011 911 4084 ar
