2574 4732
177 308 237 377 ats
668 307 759 377 ista.
800 294 812 322 ⁹

179 483 307 544 peccare
327 467 462 523 dicendi:
487 447 556 532 ini,
573 465 598 520 si
618 480 747 536 peccare
765 463 920 531 dicentur,
940 465 1056 519 serendi
1075 473 1148 520 suut
1170 473 1239 521 tan.

180 580 271 636 quam
297 562 414 616 infirmi.
462 560 572 615 Nonne
597 570 628 614 et
649 558 790 615 Christus
810 558 978 629 Apostolos
997 560 1086 626 tulit,
1113 562 1239 629 quando

180 659 261 715 mori
280 657 422 710 timentes
441 655 641 709 dormientem
661 654 854 719 excitarunt,
873 651 1047 711 et.Petrum
1066 653 1240 723 corripuit,

179 751 262 822 quod
289 749 437 804 timuisset
464 746 617 801 ambulare
642 762 733 817 supra
752 763 854 801 mare:
881 746 934 801 sed
955 755 1055 799 tamen
1076 746 1147 817 tulit
1170 747 1239 816 ejus

181 843 393 899 infirmitatem.
441 839 545 910 Quare
573 840 598 895 si
626 842 717 908 pestis
748 849 779 923 et
809 839 966 910 quodlibet
996 837 1145 906 flagellum
1178 839 1242 894 Dei

183 938 306 993 omnino
331 936 487 990 ferendum
504 943 568 1000 est,
586 935 723 1005 sequitur
744 951 885 1006 quoque,
903 950 964 988 nou
982 934 1074 988 licere
1092 935 1243 988 iuvocare

182 1024 309 1086 Sunoto‘s
330 1029 388 1083 Dei
408 1045 464 1098 pro
480 1026 692 1097 corporalibus
713 1029 900 1083 sanitatibus.
927 1028 1008 1083 Tum
1030 1027 1121 1081 etiam
1144 1029 1245 1090 medi.

183 1141 239 1180 cos
256 1138 364 1178 omnes
386 1122 422 1175 ad
441 1136 534 1174 uuum
554 1135 624 1173 cum
641 1121 791 1176 universis
808 1123 965 1193 apothecis
987 1121 1181 1181 auferemus,
1209 1132 1243 1176 ut

183 1233 224 1270 ex
245 1215 354 1287 quibus
370 1230 431 1269 noa
449 1213 539 1267 liceat
555 1212 700 1280 effugium
722 1227 772 1269 aut
789 1217 955 1293 remedium
977 1233 1112 1287 quaerere
1132 1216 1241 1285 flagelli

182 1308 262 1377 Dei,
288 1322 358 1363 aum
377 1306 466 1361 etiam
484 1305 639 1361 infirmitas
656 1308 697 1361 sit
714 1308 862 1376 flagellum
879 1308 950 1363 Dei.
987 1308 1058 1363 llaec
1079 1310 1240 1384 enimpro

182 1403 399 1461 infirmioribus
416 1404 445 1459 ia
463 1402 519 1457 fide
535 1402 634 1456 divina
654 1402 772 1457 bonitas
786 1404 929 1472 providit.
1175 1394 1180 1405 ’

156 1550 162 1567 ,
192 1482 195 1487 ’
255 1497 406 1553 Caeterum
426 1497 476 1568 qui
499 1497 626 1567 perfecti
646 1506 732 1564 sunt,
757 1497 838 1552 ultro
856 1505 989 1553 mortem
1010 1507 1169 1568 petentes,
1193 1500 1242 1556 his

184 1609 250 1672 nou
275 1591 390 1646 lrabeat
416 1608 504 1664 opus.
549 1590 631 1647 Nam
652 1600 683 1644 et
708 1589 859 1646 Ecclesia..
875 1607 945 1646 cum
969 1602 1037 1647 orat
1053 1609 1068 1645 a
1086 1601 1241 1662 peste,--s

186 1687 305 1756 fulgure
325 1696 356 1740 et
372 1696 570 1757 tempestate,
593 1703 655 1740 aon
672 1686 777 1758 utique
800 1701 857 1758 pro
878 1686 1002 1743 infirmis
1021 1697 1105 1753 oret,
1133 1696 1166 1741 et
1191 1688 1241 1742 lle.

186 1780 262 1851 gella
284 1780 440 1835 iracundiae
460 1789 597 1835 avertere
613 1789 719 1834 tentat.
766 1779 842 1855 Quas
869 1779 945 1834 male
971 1789 1073 1835 oraret
1089 1818 1099 1848 ,
1123 1781 1148 1834 si
1178 1798 1239 1836 nou

185 1875 276 1930 liceat
301 1875 423 1944 fugere,
450 1875 615 1944 repellere,
640 1875 737 1928 vitare
761 1874 815 1943 (si
848 1872 910 1928 lieri
938 1872 1060 1944 potest)
1089 1873 1239 1942 flagellum

185 1968 259 2033 Dei.
294 1968 432 2025 Charitas
451 1978 552 2022 autom
572 1967 726 2034 fraterna,
752 1983 819 2037 quae
840 1968 876 2027 iu,
890 1967 939 2022 his
958 1969 1043 2023 matis
1064 1968 1241 2038 perseverat

187 2078 258 2115 cum
277 2061 357 2121 aliis,
385 2060 593 2127 perlectorum
612 2067 674 2126 est,
704 2059 860 2114 laudabilis
881 2061 944 2130 ipsa
963 2063 1178 2124 vehementer,
1214 2073 1242 2116 et

186 2152 238 2206 ubi
256 2154 423 2207 accesserit
443 2159 545 2217 esset,
562 2149 711 2221 proximis
726 2153 817 2207 etiam
833 2162 994 2223 precepta.
1029 2154 1118 2207 Tunc
1137 2166 1244 2210 autem

163 2243 354 2297 'necessatis
381 2251 446 2309 est,
476 2241 720 2297 simorientibus
738 2254 824 2314 peste
840 2243 1026 2297 nemo-aliud
1043 2244 1148 2297 edesse
1168 2264 1247 2312 pos.

185 2337 244 2399 sit,
263 2335 313 2405 qui
336 2335 447 2389 serviat
463 2336 560 2402 aegris.
594 2334 673 2390 Nam
689 2335 897 2399 sacerdotem,
919 2335 968 2388 cui
985 2350 1056 2389 cura
1075 2338 1250 2395 commissa

187 2436 250 2494 est,
269 2444 330 2481 non
349 2428 441 2481 licere
458 2429 562 2496 fugere
580 2438 631 2482 aut
652 2408 772 2482 fidelem¹
789 2443 844 2482 suo
862 2428 932 2483 loco
947 2428 1149 2495 constituere,
1171 2449 1247 2502 per.

188 2537 311 2578 suasum
326 2521 435 2576 habeo.

260 2617 309 2669 De
330 2632 388 2686 qua
407 2633 456 2684 re,
475 2616 540 2684 lego
558 2615 789 2673 eruditissimam
805 2617 961 2686 epistolam
979 2619 1107 2684 August.
1126 2619 1161 2673 ad
1179 2618 1243 2677 Ho.

189 2720 351 2788 ¹uuratum,
364 2726 437 2781 ·quae
450 2712 572 2781 ponitur
587 2712 617 2765 in
639 2710 761 2778 legenda
780 2710 845 2779 ejus
860 2727 877 2763 a
891 2709 1070 2767 Possidamo
1090 2712 1242 2785 descripta

189 2816 275 2879 parte
298 2805 472 2878 undecima,
500 2805 529 2859 io
551 2804 618 2859 fine.
653 2805 813 2859 Pastorem
834 2806 913 2860 enim
937 2806 1029 2860 docet
1050 2808 1152 2861 adesse
1178 2809 1242 2863 ovi.

141 2890 145 2897 ’
191 2899 250 2956 bus
269 2899 400 2961 Christi,
422 2909 451 2952 et
472 2900 598 2954 animam
615 2914 699 2968 suasu
720 2915 776 2969 pro
795 2899 837 2952 eis
857 2914 989 2971 ponere,
1008 2908 1041 2953 ut
1060 2900 1110 2969 qui
1130 2909 1241 2955 statum

191 2994 401 3066 perfectorum
425 2993 512 3062 gerit.
557 2992 662 3064 Itaque
687 2994 763 3048 firmi
785 3002 942 3065 portemus
965 2992 1116 3061 infirmos,
1145 3003 1176 3048 et
1201 2997 1244 3051 eis

192 3086 363 3155 licentiam,
390 3088 446 3141 etsi
466 3086 652 3154 illaudatam,
679 3088 784 3142 demus
809 3087 939 3155 fugiendi
963 3096 993 3141 et
1016 3088 1155 3143 servandi
1177 3104 1245 3143 car.

192 3197 262 3236 nem
278 3197 373 3235 suam.
392 3180 463 3234 llaec
479 3179 613 3234 breviter
629 3179 745 3244 habeo,
764 3197 830 3252 quaa
849 3189 882 3235 tu
902 3179 975 3235 boni
994 3182 1150 3248 consulas,
1167 3199 1243 3237 oro:

191 3282 223 3327 et
248 3273 416 3327 Dominum
446 3271 557 3328 Jooam
584 3282 737 3343 pastorem
764 3274 879 3342 seluta,
917 3289 1083 3343 omnesque
1111 3291 1168 3344 pro
1195 3292 1244 3330 me

194 3368 356 3437 peccatore
381 3366 492 3432 oretis,
519 3382 593 3422 oro:
617 3383 739 3422 carnem
758 3384 857 3431 meam
872 3384 994 3439 quoque
1013 3369 1113 3422 valere
1136 3371 1243 3440 cupio:

193 3457 353 3533 latratores
375 3459 562 3514 adversarios
583 3470 755 3518 contemno.
793 3461 865 3515 Vale
883 3462 913 3517 in
931 3461 1065 3519 Christo.
1101 3462 1247 3520 Wittem.

195 3552 315 3620 bargas,
334 3550 375 3606 Vl
396 3559 465 3623 post
483 3552 639 3623 Dionysii,
665 3572 743 3613 enno
760 3555 914 3612 MDXIX.

858 3649 891 3705 1³.
908 3649 1062 3713 Martinus
1080 3651 1249 3711 Lutherus.

447 3902 971 3938 ‘th—*—
