2574 4732
111 349 131 414 l
404 416 407 425 ,
566 347 688 416 4507(

113 515 325 578 peecatorem,
355 513 416 560 tam
442 506 598 575 magnifice
623 505 776 573 exaltare,
806 505 896 578 inque
919 504 1046 561 sublime
1072 521 1161 562 suurn

112 600 312 656 ministerium
340 600 403 654 sola
430 608 460 653 et
486 599 692 656 liberalissima
723 616 776 655 suu
807 600 1014 656 misericordia
1036 588 1160 655 ¹vocare

114 694 251 763 dignatus
276 695 337 764 sit,
360 702 395 747 ut
418 701 507 748 tantae
534 693 640 750 divinas
665 693 808 749 bonitatis
833 693 1057 764 magnificentiae
1086 692 1160 762 (vel

63 846 66 853 ,
115 787 412 860 quantulumeunque
429 788 542 859 poterit
556 788 677 860 pulvis)
694 796 796 857 gratus
817 787 894 857 sim,
917 787 1067 842 creditum
1083 785 1159 842 milri

118 880 249 936 officium
267 880 393 952 implere
411 881 535 936 omuino
553 880 663 940 debeo.

183 975 392 1050 Quamobrem
416 977 452 1030 ad
480 975 635 1030 decretum
658 974 785 1031 Petrum
807 990 949 1030 meorum
977 975 1024 1030 dic
1050 973 1160 1029 Domi.

90 1070 182 1125 ⁴nica
200 1084 328 1141 quarta,
354 1084 443 1139 quam
464 1067 588 1123 Cantate
615 1085 789 1138 vocamuss
810 1070 929 1137 sutura,
959 1069 1021 1125 hoc
1041 1069 1158 1139 ipsum,
1212 1106 1216 1115 ·

113 1174 239 1236 patrona
259 1162 319 1217 Dei
338 1162 451 1230 gratia,
471 1162 634 1216 encaeniare
655 1164 854 1218 constitutum
876 1173 932 1217 est.
957 1162 987 1218 Is
1002 1161 1081 1216 enim
1094 1162 1159 1216 dies

114 1258 226 1314 uostris
246 1255 383 1328 primitiis
406 1254 477 1309 Deo
498 1251 630 1311 dicendis
649 1255 689 1309 ob
716 1255 963 1313 commoditatem
988 1255 1080 1325 patris
1098 1256 1158 1309 mei

115 1351 252 1406 addictus
279 1357 336 1404 est.
370 1348 418 1402 Ad
446 1364 520 1419 quas
546 1356 627 1403 tuam
654 1348 871 1404 humanitatem
902 1350 1075 1415 humiliter,
1104 1348 1158 1404 aed

115 1444 256 1498 audacter
274 1441 435 1508 fortassis,
460 1440 576 1511 invito,
605 1459 667 1496 non
688 1453 791 1510 certe,
822 1444 904 1514 quod
933 1444 973 1498 ob
993 1458 1060 1497 mea
1077 1443 1106 1497 in
1128 1451 1158 1496 te

113 1535 315 1593 benemerita
337 1535 427 1606 (quae
453 1534 533 1589 nulla
558 1534 651 1606 sunt)
672 1538 708 1591 ad
725 1537 800 1591 tanti
821 1536 936 1591 itineris
958 1535 1095 1590 laborem
1115 1535 1160 1589 in.

114 1634 268 1703 quietare,
287 1629 383 1701 adque
404 1629 547 1685 tantillam
568 1638 680 1685 nostrae
702 1630 878 1685 humilitatis
898 1638 1106 1701 paupertatem
1128 1640 1158 1683 te

115 1727 287 1794 adventare,
305 1724 427 1793 dignum
439 1724 632 1795 existimem,
649 1724 702 1781 sed
722 1724 803 1796 quod
818 1732 901 1780 tuam
916 1723 1159 1778 benevolentiam

114 1818 145 1872 in
163 1835 212 1872 me
232 1826 263 1873 et
279 1826 430 1889 promtam
450 1816 640 1888 facilitatem,
673 1834 743 1872 cum
761 1817 867 1872 nudius
893 1831 991 1873 essem
1018 1816 1094 1888 apud
1115 1825 1158 1883 te,

113 1912 332 1980 intellexerim,
359 1918 559 1983 praeterquam
583 1910 653 1967 alias
675 1911 881 1968 abundantius.

181 2007 230 2062 Ta
247 2020 331 2074 ergo,
350 2004 526 2060 charissime
541 2003 645 2072 Pater,
662 2002 811 2071 Domine,
832 2003 938 2059 Frater
955 2003 1058 2073 (aliud
1077 2002 1158 2058 enirn

114 2101 209 2156 aetatis
229 2108 260 2177 et
283 2113 380 2165 curto,
411 2097 489 2151 aliud
515 2098 633 2164 meriti,
645 2118 648 2123 ·
661 2097 737 2152 hoc⁴
750 2108 851 2152 autem
872 2098 1025 2166 religionis
1040 2113 1158 2153 nomen

115 2193 183 2259 est)
203 2191 228 2248 si
248 2206 308 2263 quo
326 2191 419 2245 modo
436 2206 491 2259 per
509 2199 627 2262 tempus
642 2205 756 2262 perque
777 2190 978 2244 ecclesiastica
995 2198 1046 2243 tua
1065 2204 1159 2258 nego.

112 2288 171 2356 tia,
190 2287 238 2341 vel
259 2284 350 2340 etiam
371 2283 524 2339 familiaria
545 2268 638 2339 licere
659 2284 791 2354 poterit,
806 2283 869 2338 huc
889 2283 993 2338 adesse
1015 2282 1157 2352 digneris,

113 2381 269 2434 adiuturus
293 2387 377 2447 grata
400 2377 555 2449 praeseutia
582 2376 784 2448 precibusque
809 2376 887 2438 tuis,
917 2386 951 2432 ut
971 2376 1157 2448 acceptabile

111 2473 163 2529 fiat
191 2470 371 2527 sacrllicium
397 2478 537 2526 ausuum
560 2471 592 2526 in
618 2478 785 2540 conspectu
813 2469 884 2525 Dei.
919 2469 1051 2525 Habebis
1079 2487 1155 2527 vero

113 2565 286 2622 conradum
313 2563 428 2619 affinem
458 2580 577 2631 meum,
609 2564 760 2636 quondam
788 2564 930 2619 aedituum
958 2564 987 2620 S.
1015 2562 1158 2635 Nicolai,

112 2669 331 2732 praeteream,
361 2673 573 2731 quemcunque
600 2658 670 2715 alias
699 2657 853 2727 volueris,
880 2658 994 2714 itineris
1017 2659 1154 2728 socium,

112 2754 277 2811 dummodo
297 2761 336 2809 et-
347 2753 402 2825 ipai
421 2768 476 2824 per
494 2767 583 2829 curas
601 2753 785 2811 dornesticas
802 2755 956 2809 vacaverit
975 2762 1005 2808 et
1022 2753 1160 2813 libuerit.

180 2847 396 2903 Admonemlus
417 2862 449 2901 es
470 2845 615 2918 denique,
640 2855 674 2902 ut
693 2854 777 2903 recta
801 2847 837 2901 ad
863 2846 1079 2903 monasterium
1100 2864 1167 2901 no„

103 2939 210 2998 'strum
229 2942 414 3011 ingrediaris,
433 2941 592 2997 nobiscum
608 2941 754 3012 tantisper
772 2951 1015 2996 commoraturus
1039 2940 1157 3011 (quan.

113 3036 276 3106 doquidem
295 3034 500 3090 habitaturum
516 3045 547 3089 te
565 3033 616 3087 hic
633 3051 695 3089 non
714 3033 867 3103 metuam)
893 3051 951 3089 nec
970 3035 1160 3091 forinsecum·

111 3146 167 3200 per
191 3127 323 3199 compita
348 3127 496 3198 disquiras
517 3126 683 3196 hospitium
707 3126 796 3181 aliud.
831 3126 1100 3198 Oportebitenim
1125 3138 1155 3184 te

113 3222 285 3283 cellarium,
317 3221 380 3276 hoc
406 3229 469 3282 est,
501 3219 582 3274 cellae
610 3221 739 3275 incolam
768 3220 843 3277 lieri.
880 3220 950 3277 Vale
979 3222 1009 3277 in
1031 3222 1155 3280 Christo

110 3317 187 3372 Jesu
205 3316 341 3371 Domino
364 3325 482 3369 nostro.
518 3313 605 3367 Datae
623 3329 663 3368 ex
681 3313 821 3369 coenobio
840 3325 946 3371 nostro
960 3314 1155 3386 Erfurdeusi,

113 3416 156 3472 10.
174 3410 296 3465 Calend.
315 3408 436 3477 Maias,
457 3423 534 3461 anno
551 3407 677 3463 Domini
699 3407 834 3463 MDVII.

125 3502 130 3510 ’
463 3500 569 3557 Frater
585 3501 738 3558 Martinus
756 3502 912 3561 Lutherua
931 3519 976 3558 exi
988 3501 1151 3561 Mansfeld.

176 3669 360 3728 Schalbense'
386 3668 572 3738 Collegium,
604 3670 736 3740 optimos
759 3669 825 3755 illos
854 3669 1017 3738 homines,
1044 3671 1082 3725 de
1105 3686 1154 3726 me

111 3774 196 3841 certe
216 3783 304 3837 quam
327 3765 440 3836 optime
457 3766 602 3833 meritos,
620 3764 792 3833 importune
814 3779 941 3819 onerare
963 3781 1023 3820 non
1045 3765 1156 3833 audeo,

110 3862 193 3933 quod
213 3859 286 3915 mihi
315 3860 436 3914 omnino
460 3859 678 3930 persuaserim,
700 3874 814 3911 ¹eorum
844 3858 942 3913 ordini
964 3868 995 3914 et
1019 3859 1154 3928 dignitati

109 3972 171 4010 nou
189 3954 317 4025 pulchre
335 3968 523 4022 congruere,
554 3953 590 4007 ad
612 3962 674 4006 tam
698 3952 821 4007 humilis
842 3951 979 4024 obsequii
998 3955 1154 4023 negotium

110 4049 270 4118 accersiri,
288 4048 350 4108 imo
365 4047 401 4123 sd
416 4047 576 4116 monachi,
594 4046 707 4107 mundo
726 4062 808 4102 nunc
823 4047 949 4115 mortui,
967 4047 1163 4105 votamola..
