2574 4732
179 324 238 421 152
622 440 625 446 ἡ
661 341 772 420 ists

178 478 454 570 evanpelianaerit,
482 512 575 572 quam
592 498 768 568 accepistis,
793 496 960 554 anatliema
982 498 1034 555 sit.
1066 497 1137 555 Jam
1158 502 1233 558 illud

179 609 301 662 quoque
319 593 455 646 nonnihil
475 605 555 660 erat,
580 594 661 662 quod
680 592 773 649 Petro
789 594 870 648 hunc
893 595 1087 669 commissum
1107 596 1234 651 thosan.

178 694 244 741 r'urn
264 687 353 754 dicit,
381 688 417 741 ds
439 703 501 757 quo
522 687 595 742 nihil
610 699 749 755 constat,
768 703 824 742 neo
845 688 874 743 in
891 670 1070 762 Evangelio,
1091 704 1151 743 nac
1171 690 1233 744 ulla

177 779 328 850 scriptura

248 873 300 926 llis
319 862 512 945 perturbatus
530 874 695 940 molestiis,
722 883 754 928 ut
772 874 854 942 dixi,
880 875 1038 930 consilium
1059 875 1132 932 mihi
1157 875 1233 945 fuit,

180 967 355 1038 quiescere,
384 979 414 1021 et
433 969 506 1022 ulios
529 969 647 1030 audire,
671 983 739 1022 cum
765 968 931 1038 positiones
953 958 1232 1024 ineas-verissimus

178 1074 275 1129 usque
295 1059 386 1116 hodic
414 1077 535 1131 quoque
558 1062 922 1128 videremsnnuovero,
942 1078 1011 1115 cum
1035 1078 1146 1131 urgeor
1167 1062 1232 1133 ipse

90 1188 93 1193 Δ
178 1161 309 1218 tentare,
329 1156 410 1221 quod
427 1153 464 1207 ab
478 1155 558 1219 attis,
585 1158 714 1208 maxime
733 1170 748 1207 a
766 1169 886 1207 summo
901 1153 1049 1209 Pontifice
1068 1166 1231 1225 expectare

70 1283 84 1303 ι
179 1246 358 1311 debueram,
378 1235 463 1316 cujus
476 1248 568 1301 solius
584 1261 628 1302 est
646 1247 799 1301 declarare
814 1263 861 1310 ea,
880 1262 945 1317 qnae
959 1249 1112 1303 condidit:
1132 1261 1233 1304 tamen

178 1344 242 1410 pro'
254 1340 369 1393 viribus
390 1339 497 1407 ingenii
520 1355 545 1392 er
566 1342 659 1408 gratia
680 1342 737 1396 liet
756 1339 889 1394 conabor
907 1356 964 1409 pro
981 1343 1233 1398 tutela-sinceris.

177 1424 259 1491 times
275 1436 406 1498 veritatis
425 1434 590 1504 pontones
609 1450 690 1489 meas
707 1423 777 1503 cum
792 1434 1014 1503 Ettravigaute
1031 1439 1233 1505 concordare,

180 1540 326 1599 utrasque
345 1530 493 1590 serrendo
514 1531 541 1582 in
563 1530 696 1584 veritate.
776 1552 778 1556 ·

248 1620 409 1690 Primum,
432 1626 650 1703 supponendo,
682 1625 763 1695 quod
780 1623 976 1689 >indulgentias
1006 1638 1132 1694 prorsus
1156 1624 1232 1677 nihil

178 1725 249 1770 aunt
271 1700 474 1788 metaphysice
490 1719 660 1788 loquendo,
679 1719 746 1789 quin
769 1733 886 1772 certum
907 1726 966 1782 est,
986 1733 1035 1772 eas
1058 1732 1123 1772 esse
1153 1717 1232 1771 aliud

177 1809 270 1875 nihil.
290 1826 378 1881 quarn
398 1812 592 1866 remissiones
611 1811 844 1879 satisfactionis,
862 1811 970 1877 idest,
988 1811 1140 1865 bonorum
1158 1826 1231 1881 ope.

48 1963 57 1975 ,
101 1980 104 1987 Ι
177 1918 264 1970 rum,
292 1905 505 1976 eleemosynas,
526 1906 649 1972 jejunii,
672 1907 843 1973 orationis,
863 1918 937 1962 etc:
964 1905 1092 1975 ideoque
1113 1915 1231 1958 certum

175 2009 240 2058 est,
270 2015 320 2053 eas
338 2015 404 2054 esse
427 1999 539 2055 bonnm
564 2000 764 2069 privativum,
783 2003 853 2053 dum
876 2000 1053 2068 permittunt
1072 2015 1133 2052 non
1152 1996 1230 2052 solvi
1280 1993 1284 2025 ·“

177 2107 280 2164 poenas
301 2092 433 2146 debitas·
454 2104 502 2146 aut
524 2109 583 2146 noo
600 2091 662 2146 lieri
684 2091 803 2145 tabores
822 2108 961 2162 opernm.
1002 2091 1106 2162 Quare
1126 2104 1232 2143 ueces-

176 2183 258 2238 sario
279 2185 438 2240 thesaurus
456 2184 606 2239 hocloco
626 2184 872 2260 impropriissime
890 2185 1050 2253 accipitur,
1072 2187 1139 2254 quia
1154 2180 1227 2241 nihil

175 2276 336 2342 confertur
355 2278 504 2347 positive,
522 2279 574 2330 sed
595 2277 796 2347 permittitur,
817 2289 850 2331 ut
869 2275 943 2330 nihil
962 2276 1108 2330 solvatur.
1171 2300 1176 2310 ·

248 2369 406 2443 Secundo,
425 2382 511 2424 certo
531 2372 641 2424 certius
663 2380 724 2435 est,
744 2373 825 2440 quod
848 2370 930 2447 huno
947 2368 1122 2422 thesaurum
1146 2369 1228 2439 Papa

177 2481 239 2520 non
260 2463 350 2520 habet
370 2465 453 2518 velut
473 2464 502 2518 in
521 2464 622 2518 loculo
639 2464 687 2517 vel
706 2454 799 2531 cist'a,
825 2465 877 2517 sed
899 2465 927 2516 in
949 2463 1045 2518 verbo
1067 2463 1114 2515 vel
1136 2464 1228 2516 clavi.

177 2558 236 2614 bus
256 2558 303 2612 vel
327 2567 491 2628 potestate,
516 2558 583 2629 q'uia
601 2559 771 2625 erogando,
789 2574 851 2613 non
868 2559 992 2625 cistam,
1015 2559 1068 2611 sed
1091 2559 1229 2612 volunta.

178 2661 288 2726 temet
308 2652 435 2706 verbum
455 2655 569 2724 aperit,
589 2662 618 2705 et
637 2653 681 2707 sic
700 2653 800 2707 durrat.

249 2746 376 2815 Tertio,
402 2747 469 2801 iden
496 2747 654 2817 sequitur,
687 2747 767 2817 quod
795 2747 953 2801 thesaurus
980 2745 1227 2815 indulgentiarum

180 2851 249 2897 sunt
268 2842 374 2894 merita
397 2839 529 2908 Christi,
554 2857 614 2894 non
634 2841 816 2908 formaliter,
841 2857 898 2895 nec
918 2842 1057 2911 proprie,
1085 2843 1135 2895 sed
1158 2842 1230 2894 effe.

179 2938 261 3006 clive
286 2947 315 3004 et
337 2936 522 3007 improprie,
550 2936 617 3004 cruia
638 2934 717 3002 Papa
743 2952 803 2990 non
828 2936 877 2989 dat
900 2936 1005 2989 merita
1032 2935 1144 2990 Christi
1167 2935 1231 2988 for.

180 3031 314 3092 matites,
332 3031 384 3084 sed
402 3030 563 3083 demerito
582 3029 715 3090 Christi,
736 3030 763 3082 ul
784 3044 850 3096 est,
869 3046 923 3101 per
940 3030 1059 3094 claves,
1079 3045 1151 3099 quas
1168 3044 1228 3082 mc-

181 3123 243 3192 ruit
260 3125 322 3177 dari
343 3122 488 3177 Ecclesia
504 3140 572 3178 suae.
618 3111 696 3195 Quia
715 3123 744 3175 in
766 3123 876 3176 virtute
894 3123 1024 3176 clarium
1044 3132 1107 3190 est,
1133 3132 1231 3176 utre.

182 3220 321 3271 mittatur
336 3218 515 3272 satisfactio:
535 3234 562 3270 et
580 3219 623 3272 sic
639 3226 737 3286 patet,
757 3216 836 3285 quod
855 3225 939 3269 recte
956 3216 1018 3269 dixi
1034 3217 1231 3271 conclusione

141 3321 143 3325 ’
181 3307 231 3378 §ot
252 3310 426 3364 thesaurum
443 3310 524 3364 hunc
541 3327 607 3364 essa
628 3309 726 3365 claves
745 3308 888 3363 Ecclesiae
912 3310 1021 3365 merito
1043 3309 1155 3364 Christi
1178 3311 1231 3364 do.

184 3417 278 3471 natas.
316 3403 352 3456 Et
372 3403 432 3457 hoc
449 3420 538 3458 sensu
558 3413 746 3471 verumest,
765 3395 1002 3457 moruncurten
1022 3417 1088 3458 esse
1110 3405 1232 3458 thesau-

185 3513 252 3553 rum
270 3498 516 3566 indulgrntinrum
546 3499 663 3555 scilicet
678 3499 841 3570 improprie
856 3499 1029 3552 thesaurum
1045 3509 1073 3550 et
1090 3501 1232 3553 meritum
1258 3566 1261 3572 Ι

186 3592 297 3650 Christi
324 3593 509 3664 accipiendo.
558 3593 644 3649 Patet
669 3609 740 3662 ergo
762 3591 977 3646 concordantia
1000 3590 1232 3658 Entrnvngautis

187 3703 255 3762 pum
277 3703 341 3740 mea
355 3687 516 3757 positione.
589 3727 591 3731 ¹
726 3692 728 3696 ’

255 3781 390 3855 Quarto,
419 3783 494 3834 lianc
522 3799 585 3834 esa
611 3791 740 3836 mentem
768 3781 855 3852 Papa
881 3783 910 3836 in
930 3783 986 3836 ista
1010 3780 1231 3851 Extravagante

187 3875 317 3967 probant
337 3878 397 3946 ipsa
417 3877 507 3931 rerba
534 3877 632 3948 Pipae.
658 3876 708 3932 ubi
728 3878 817 3933 dicit:
844 3877 923 3932 hunc
945 3878 1118 3933 thesaurum
1137 3878 1231 3933 Petro

189 3981 221 4041 pt
242 3973 472 4028 successorihus
495 3973 556 4028 suis
578 3990 592 4024 a
613 3972 735 4028 Christo
754 3974 968 4029 commissum:
991 3973 1042 4028 sed
1063 3983 1181 4028 constat
1204 3982 1233 4026 et

189 4076 309 4149 epttupt
325 4077 386 4154 est,
405 4069 477 4140 nihil
496 4068 590 4141 ¹Petro
607 4067 802 4137 commissum
808 4107 819 4138 ,
837 4076 946 4143 praeter
963 4067 1017 4126 has
1035 4068 1133 4125 claves
1151 4069 1232 4158 regni
