2574 4732
111 291 170 364 573
209 227 212 231 Ι
592 281 683 349 1521.

115 443 342 509 Venerabiliter
363 441 487 503 Christo
493 440 625 511 Fratri,
637 439 681 497 De
699 434 832 494 Nicolne
844 437 1074 511 Hermanno,
1091 459 1182 503 ser-oe

186 537 410 608 christifidell
431 537 465 595 in
489 535 588 594 Nicen
605 536 773 607 nemer),
804 548 861 593 tuo
877 534 911 590 in
935 533 1085 594 Domino
1108 536 1181 595 eleo.

178 651 313 693 mrtmo.

109 788 264 890 Salutem.
296 822 413 894 Accepi
440 822 542 878 literas
567 828 652 886 tum,
678 816 855 875 charissime
875 816 1033 887 Nicolee,
1064 817 1175 892 qenes

110 918 258 989 significes
283 927 313 973 te
334 916 438 972 vocari
460 916 495 969 sd
518 911 727 984 Cygnetm⁸⁸)
745 923 918 984 pasturam,
933 913 1083 984 petisque
1104 929 1175 970 oon·

109 1013 292 1069 solationem
320 1016 336 1064 si
360 1023 410 1064 me
434 1007 650 1063 homuncione.
693 999 743 1062 Tu
767 1006 847 1062 nosti
860 1044 872 1074 ,
898 1021 992 1076 quam
1016 1007 1085 1063 sint
1111 1007 1174 1063 hnc

110 1116 250 1176 tempore
275 1102 464 1175 periculose»,
490 1109 522 1156 et
552 1100 640 1171 plene
668 1110 787 1173 tempus
813 1099 885 1155 illud
912 1101 1017 1169 iuge,
1046 1100 1088 1157 de
1114 1116 1174 1172 qno

111 1198 253 1254 Christus
271 1195 421 1267 predixit.
455 1192 513 1250 Est
533 1194 614 1251 enim
635 1203 772 1264 ternpus,
797 1194 908 1264 inquo
929 1194 1112 1250 doctrinam
1129 1210 1174 1250 st.

68 1304 72 1320 “
111 1305 180 1346 ιιιιιι
194 1305 257 1343 nott
272 1287 438 1354 sustinent,
457 1298 489 1344 et
506 1286 567 1358 lupi
584 1296 722 1358 pastores
740 1288 810 1343 loeti
825 1297 911 1343 eunt:
929 1287 1066 1343 utnulla
1084 1287 1174 1344 nobis

109 1384 152 1439 sit
176 1380 362 1445 consolatio,
393 1380 450 1436 nisi
474 1388 507 1435 ut
534 1396 658 1436 oremus
679 1380 872 1450 Dominum,
904 1397 967 1452 quo
989 1382 1042 1436 vel
1068 1383 1172 1452 sugere

112 1475 264 1548 possimus
290 1482 322 1530 et
345 1489 419 1541 uos,
444 1474 493 1528 vel
515 1484 596 1530 stare
620 1474 649 1528 in
674 1475 722 1531 ltis
748 1475 854 1530 diebus
881 1468 978 1530 malis.
1020 1474 1174 1550 Quotidie

110 1568 206 1637 tnagis
226 1569 387 1639 experior,
406 1580 496 1640 quem
511 1569 568 1624 hte
586 1579 617 1624 et
631 1570 734 1623 intime
752 1578 857 1637 regnet
876 1567 983 1637 Setun,
1002 1582 1038 1624 ut
1058 1569 1175 1626 horror

113 1662 153 1717 eit
173 1659 247 1717 mihi
272 1661 428 1717 intendere
450 1661 480 1717 in
503 1663 610 1717 faeiem
628 1661 789 1718 Ecclesia:
815 1662 922 1718 deinde
941 1678 980 1718 eo
1003 1663 1083 1719 mihi
1103 1681 1174 1736 pro.

113 1756 206 1811 cessit
234 1756 412 1826 pernuntio,
443 1765 479 1812 ut
505 1756 560 1812 nisi
591 1756 736 1811 adversus
760 1755 850 1827 Paper
877 1764 908 1811 et
939 1754 1173 1829 Episcoporum

112 1859 246 1921 pugnent
266 1859 375 1905 statuta
400 1858 434 1906 et
461 1851 596 1906 mandute
622 1849 747 1905 summis
771 1849 907 1918 viribus,
933 1866 989 1919 per
1015 1852 1118 1908 vitam
1144 1864 1173 1908 et

43 2009 50 2021 Ι
113 1953 266 2011 mortem,
290 1960 382 1999 nemo
400 1945 497 2016 possit
515 1943 615 2002 saltus
634 1943 707 2001 lieri.
751 1942 834 1999 Mire
852 1943 933 1999 forte
952 1951 986 1999 et
1003 1961 1090 2000 nove
1108 1945 1174 2002 hsec

113 2036 192 2093 tibi?
210 2038 264 2093 sed
282 2037 328 2094 sio
348 2047 413 2105 est,
440 2039 617 2095 charissime
636 2028 774 2096 Nicolae.
797 2037 826 2093 si
844 2054 905 2093 oon
925 2038 1013 2110 cupis
1026 2040 1082 2110 ²),
1101 2058 1177 2099 con.

113 2131 269 2187 solutionis
292 2146 366 2186 mere
394 2135 503 2204 ceptis·
519 2148 580 2188 non
606 2133 678 2192 eris.
723 2131 896 2189 Invenimus
923 2148 1007 2200 nos,
1042 2150 1175 2206 prorem

113 2223 228 2294 Pepetn
240 2239 311 2280 outn
327 2226 390 2280 suis
406 2241 474 2281 esse
490 2226 695 2282 adversarium
709 2223 834 2289 Christi,
850 2237 883 2282 ut
899 2227 1068 2298 praedicere
1082 2244 1173 2285 uento

112 2316 226 2388 possit,
255 2317 312 2370 nisi
336 2319 387 2382 qui
414 2328 504 2373 curet
532 2336 607 2375 oves
631 2320 671 2374 illi
695 2310 890 2382 subducere,
922 2330 952 2374 et
983 2336 1056 2378 eum
1087 2323 1172 2378 velut

112 2409 217 2482 lupum
236 2408 366 2478 abigere.
409 2409 501 2479 Quod
523 2413 653 2479 crimen,
683 2421 715 2467 ιιι
732 2413 811 2479 scis,
830 2413 947 2483 quentis
970 2415 1173 2471 vociferatio.

114 2504 203 2561 nibus
223 2504 315 2560 hodie
331 2503 465 2574 jactetur
487 2520 554 2560 esse
575 2504 726 2571 schisma,
744 2505 867 2561 haeresis
888 2515 918 2561 et
937 2507 1089 2563 infinitum
1111 2527 1174 2565 me.

113 2599 196 2654 lum:
214 2599 267 2654 sed
286 2596 356 2670 quid
377 2598 543 2654 iaciamus?
560 2599 627 2654 Alia
647 2615 708 2654 non
728 2610 774 2655 est
795 2599 871 2654 rstio
891 2600 995 2656 salutis
1016 2601 1084 2658 hoc
1105 2620 1176 2676 per.

114 2695 238 2751 ditionis
254 2702 404 2764 tempore.

181 2787 335 2854 Proinde,
358 2787 399 2841 tui
425 2785 569 2856 Nicolee,
589 2805 659 2842 oum
683 2804 783 2842 mrum
809 2789 983 2856 eonsilium,
1005 2789 1030 2844 si
1053 2792 1173 2847 multu·

113 2881 171 2949 sit,
197 2880 365 2935 consultori
383 2881 548 2950 pessimum
567 2897 633 2936 esse
654 2891 813 2953 oporteat:
840 2898 896 2950 ego
918 2883 1059 2953 planete
1081 2885 1173 2942 liberi

112 2975 228 3030 arbitrii
250 2989 317 3028 esse
336 2972 388 3027 hio
409 2975 575 3043 permitto,
603 2975 646 3030 tui
670 2975 803 3044 periculo
831 2976 896 3029 sino
918 2991 1017 3044 agere.
1066 2978 1098 3035 Si
1123 2997 1174 3052 po.

111 3077 227 3125 storum
256 3067 401 3123 assumis:
429 3065 574 3136 Papnet
596 3067 819 3138 Episcoporutn
845 3067 963 3123 hostem
988 3078 1020 3123 te
1052 3071 1172 3142 facies,

112 3160 234 3215 illorum
264 3158 391 3216 decretis
420 3162 584 3230 resignans.
630 3161 659 3217 Si
688 3178 748 3216 non
775 3163 1013 3230 repugnaveris,
1047 3163 1172 3225 Christi

112 3252 212 3309 hostis
231 3254 299 3309 eris.
312 3250 343 3319 b)
377 3251 450 3309 Non
469 3265 527 3309 stet
543 3255 656 3311 Christi
675 3255 748 3311 fides
773 3272 843 3310 curn
861 3255 980 3310 illorum
999 3256 1122 3326 laqueis
1143 3271 1176 3318 et

112 3344 245 3400 fallaciis.
281 3345 316 3400 In
335 3347 477 3404 omnihus
494 3349 542 3404 his
562 3349 616 3405 tihi
635 3348 707 3404 nihil
725 3349 906 3419 prejudioo:
924 3350 1003 3404 sicut
1021 3350 1068 3405 sio
1093 3354 1174 3413 mihi

111 3436 285 3495 consultum
310 3438 418 3502 velim,
446 3444 635 3510 consulo⁰):
659 3446 752 3502 tutius
779 3457 862 3514 eret,
886 3455 937 3500 eut
964 3460 1027 3498 non
1057 3460 1173 3518 petere

165 3656 193 3701 n)
222 3650 294 3702 thirle
315 3650 390 3707 cepit.

161 3731 194 3781 b)
222 3728 323 3777 surii
352 3731 412 3783 eius.

162 3819 192 3857 et
220 3808 278 3857 &ott
295 3808 358 3862 tetii
373 3807 472 3865 helien:
484 3811 553 3863 elect
566 3815 627 3863 mint
644 3815 782 3865 ecmulttm
797 3815 887 3871 telin,
902 3815 937 3864 tie
951 3814 1062 3864 consule.

110 3893 306 3909 m

161 3932 189 3979 ⁸)
219 3927 373 3985 &onerem

161 4007 206 4066 ἠ
233 4006 345 4063 atrides.
