2574 4732
487 375 494 402 .-
556 287 654 384 suu
794 364 797 369 ,
1066 315 1127 381 aas
1206 276 1208 280 ⁴

84 477 224 544 casteria,
261 493 327 549 quan
361 477 391 531 in
418 475 544 545 epistola
579 490 646 528 mea
687 472 858 542 dilaceras,
894 490 952 544 pro
986 483 1127 546 tempora

82 573 178 626 solam
198 588 263 625 earn
279 581 394 640 partem
411 571 546 638 accipio,
564 570 595 623 io
611 584 668 638 qua
688 577 718 620 et
737 577 770 620 tu
790 567 920 621 maxime
940 576 976 623 es·
989 573 1129 640 negotio.

84 681 154 725 sus.
184 676 213 719 ot
235 665 278 719 rei
296 665 389 721 totius
406 681 488 734 pane
503 679 619 717 summa
636 663 762 732 pendet:
792 645 995 732 nempe'qnod
1018 682 1129 735 propo.

84 760 208 814 sitiones
225 757 440 823 Carolostadii,
459 757 623 826 praesertim
643 759 714 810 duas
731 756 868 826 priores,
887 757 980 824 prima
1000 759 1130 829 disputa.

84 853 167 908 tione
182 862 338 918 tractatas,
358 852 418 906 dixi
437 869 453 903 a
475 860 504 904 te
524 865 701 914 concessas,
719 861 749 902 et
773 849 839 902 inde
862 865 926 918 quas
949 864 1131 922 sequuntur,

86 947 122 1000 ad
148 946 212 1000 illas
236 945 331 998 intuli.
379 923 504 998 Iute'rim
531 955 563 999 tu
593 946 713 998 fortiter
736 958 826 1011 para,
853 942 961 1012 quibus
988 944 1131 1001 articulos

84 1038 235 1094 dohannis
256 1037 335 1092 Huss
352 1053 430 1092 ame
452 1049 585 1092 assertos
606 1046 635 1091 et
658 1037 820 1091 concilium
842 1035 999 1091 Nicaenuur
1016 1054 1071 1108 pro
1085 1055 1133 1094 me

34 1170 40 1181 f
86 1133 215 1199 fecisse,
242 1147 400 1198 coarguas.
434 1132 593 1203 Sedqheus
617 1142 851 1198 memoresto,
877 1149 937 1185 non
964 1133 992 1187 in
1012 1136 1134 1189 theatro

85 1225 224 1296 Llpseusi
253 1233 283 1279 te
309 1226 391 1292 fore,
418 1234 447 1279 et
473 1226 508 1279 ad
531 1227 647 1280 laudern
669 1225 857 1294 Lipsen‘sium
885 1226 932 1278 vel
956 1236 1035 1279 tuam
1062 1227 1135 1281 nihil
1227 1285 1235 1304 ι
1275 1206 1276 1221 ¹

87 1319 173 1389 sequi
193 1321 222 1373 in
241 1319 319 1374 bona
346 1321 559 1390 consequentia
582 1330 612 1374 et
632 1330 718 1372 extra
741 1319 890 1389 Lipsiam:
914 1321 993 1374 scito
1012 1335 1138 1391 qnoque

87 1412 256 1468 Lutherum
269 1413 408 1482 jamnon
423 1415 574 1484 captivum
589 1424 693 1481 tuum,
712 1431 768 1467 nec
785 1416 815 1467 in
837 1424 917 1467 terra
933 1415 1137 1485 inimicorum,

88 1508 119 1563 in
139 1524 192 1562 sua
219 1507 328 1561 harena
352 1509 535 1563 consistere:
562 1517 609 1575 et,
634 1509 716 1577 quod
742 1523 832 1576 spero
860 1518 889 1560 te
915 1509 1035 1577 facere,
1068 1521 1138 1564 ante

90 1602 190 1656 omnia
211 1602 364 1657 Christum
382 1618 473 1670 roga,
499 1618 559 1671 quo
581 1601 765 1669 samsima,
793 1601 842 1670 qul
862 1601 974 1655 veritas
996 1612 1060 1671 est,
1083 1620 1139 1658 no.

88 1694 136 1751 bis
153 1695 339 1750 certantibus
357 1696 474 1761 vincat,
493 1696 679 1765 gloriamque
698 1704 832 1748 nostram
849 1696 969 1765 perdat,
996 1699 1103 1750 Amen.

99 1840 102 1846 ,
159 1791 290 1844 Attende
304 1790 421 1858 itaque,
440 1788 511 1858 quid
532 1803 673 1857 quaeram.
691 1787 751 1841 Has
772 1789 994 1857 propositiones
1014 1791 1141 1847 Carolo.

90 1884 176 1939 stadii
192 1885 266 1936 duas
286 1897 385 1937 nonne
406 1880 515 1935 obtulit
530 1878 565 1947 b)
585 1872 803 1935 defendendas?
822 1881 965 1936 Liberum
977 1883 1141 1940 ‘arbitrium

92 1985 160 2030 ante
184 1975 309 2043 gratiam
333 1990 394 2028 noo
417 1974 496 2029 valet
517 1974 573 2028 nisi
595 1976 631 2028 ad
655 1975 852 2044 peccandum.
896 1975 1040 2031 Liberum
1062 1979 1141 2034 arbi.

92 2070 184 2125 trium
207 2070 271 2124 sine
295 2069 388 2137 gratia
410 2077 494 2123 tanto
508 2068 604 2123 'citius
627 2069 806 2139 propinquat
831 2069 996 2139 iniquitati,
1027 2083 1140 2141 quanto

92 2163 202 2219 fortius
228 2164 355 2218 intendit
380 2164 501 2218 actioni.
543 2162 695 2216 Veramue
721 2163 786 2217 base
806 2163 897 2215 dico?
932 2164 1012 2236 Quid
1040 2177 1140 2220 autem

92 2259 206 2313 amicus
231 2256 366 2312 veritatis
386 2257 587 2312 zelosissimus
609 2268 640 2312 et
665 2251 785 2328 apertus
812 2259 985 2327 impugnare
1016 2275 1141 2314 veneras

91 2352 148 2407 nisi
168 2353 308 2407 errores?
334 2350 382 2405 Sic
400 2352 436 2407 de
459 2362 487 2404 te
512 2352 578 2423 ipso
591 2351 698 2420 jactas.
740 2351 839 2406 Falsas
861 2368 933 2419 ergo
956 2352 1011 2406 bas
1032 2369 1143 2423 propo.

93 2447 217 2501 sitiones
237 2445 359 2500 tenebas
378 2457 409 2501 et
430 2447 526 2501 teneri
549 2445 684 2501 volebas.
727 2446 755 2500 Si
777 2446 856 2499 enim
881 2455 967 2500 veras
999 2446 1143 2515 putabas,
1203 2467 1209 2476 ·

95 2555 150 2594 cnr
167 2538 360 2610 impugnabas
379 2539 514 2593 veritatis
532 2541 693 2594 defensor?

166 2632 207 2685 At
233 2632 263 2685 in
289 2631 385 2685 media
407 2631 608 2699 disputatione
632 2646 720 2685 veras
742 2646 809 2684 esse
829 2629 1023 2691 concessisti,
1048 2629 1146 2682 libere

95 2725 309 2798 pronuntians,
337 2721 465 2776 liberum
495 2720 652 2795 arbitrium
675 2725 739 2778 sine
763 2723 854 2793 gratia
884 2739 943 2777 non
970 2739 1059 2792 posse
1087 2723 1145 2777 nisi

96 2820 208 2874 malum
227 2818 336 2871 faeere.
372 2816 528 2872 Addebas:
553 2834 609 2871 nec
629 2817 829 2872 scholasticos
850 2819 992 2870 doctores
1014 2831 1145 2888 unquam
1192 2838 1195 2845 ·

96 2914 175 2971 aliud
197 2912 354 2976 docuisse,
388 2911 428 2965 ob
452 2911 542 2981 idque
567 2909 695 2980 negabas
725 2918 754 2963 ts
786 2912 929 2977 Scotum,
962 2910 1145 2980 Capreotum

96 3008 184 3069 tueri.
229 3007 299 3061 Haec
320 3006 408 3072 dico,
433 3020 493 3058 noo
516 3006 623 3060 timens
647 3017 716 3059 tuos
747 3003 923 3073 Lipsenses,
950 3021 1027 3073 qnos
1055 3007 1148 3061 toties

82 3090 171 3157 ‘mihi
192 3102 303 3155 frustra
320 3101 463 3155 intentas:
490 3101 575 3155 testis
598 3108 643 3154 est
664 3099 775 3153 horum
793 3099 926 3153 omnitun
947 3108 1043 3152 totum
1064 3100 1148 3155 audi.

96 3181 220 3252 lorium.
256 3194 321 3264 Ego
339 3192 414 3248 'sane
433 3193 499 3248 haac
518 3195 658 3261 audiens,
678 3193 863 3262 gaudebam,
882 3204 942 3247 tam
963 3195 1025 3248 cito
1048 3205 1077 3247 te
1098 3183 1157 3248 re.'

99 3291 187 3344 dlisse
209 3292 237 3344 in
259 3290 353 3355 viam,
374 3297 463 3358 atque
477 3289 540 3357 jam
562 3289 653 3342 totius
672 3289 879 3359 disputationis
900 3287 985 3341 linem
1004 3304 1070 3342 esse
1094 3292 1150 3344 du.

100 3383 225 3452 cebam,
243 3384 360 3453 quando
382 3397 422 3436 ex
440 3383 497 3436 hae
517 3383 560 3435 rei
581 3398 696 3436 summa
714 3382 778 3436 iere
795 3384 893 3436 omnia
917 3383 1093 3453 pendebant.

168 3477 238 3532 Hac
254 3478 353 3547 itaque
369 3477 412 3530 rei
431 3491 546 3530 summa
563 3485 625 3543 est,
645 3492 734 3547 quam
751 3493 831 3530 nunc
848 3479 979 3545 agimus:
1010 3493 1102 3548 quare
1118 3482 1150 3530 et

101 3573 233 3643 epistolas
259 3587 330 3624 meae
356 3571 506 3625 rationem
530 3571 607 3625 audi.
647 3570 714 3639 Ego
735 3588 803 3626 eum
829 3573 1044 3643 disputatorem
1067 3564 1149 3623 vinci

96 3667 217 3736 judico.
238 3665 331 3735 quiid
348 3673 476 3729 asserat,
497 3665 577 3733 qnod
599 3666 679 3734 prius
694 3667 922 3736 impugnaverit.
951 3667 993 3722 Ita
1016 3679 1151 3736 pronun.

102 3760 171 3813 tiavi
186 3771 215 3813 et
230 3759 409 3841 pronuntio,
428 3757 555 3833 Eccium
572 3761 704 3831 victum,
727 3761 964 3819 Carolostadium
981 3760 1152 3816 victoresne

157 4057 187 4118 l)
216 4057 352 4129 autogr.
369 4054 435 4111 fall&
449 4056 570 4106 obtulisti.
