2574 4732
186 298 249 369 aas
390 304 394 319 ⁴
582 304 586 307 ·
665 301 755 392 asra.

184 459 249 517 sine
265 459 418 516 conductu
437 475 535 519 essem
555 462 706 531 ingressus
720 465 897 534 Augustam.
933 461 1133 523 Mandaverat
1149 468 1229 523 enim

184 554 260 609 mihi
283 554 434 610 illustriss.
462 565 512 609 tua
536 555 714 613 Dominatio
741 572 796 629 per
821 558 1000 629 spaletinam
1024 576 1143 630 meum,
1167 560 1231 617 non‘

184 662 252 704 ease
269 648 343 703 mihi
360 649 561 704 necessarium
575 651 690 705 salvum
705 652 908 708 conductum:
926 653 1001 709 adeo
1027 654 1160 710 illustris.
1177 665 1229 710 tua

186 741 268 798 Cels.
287 743 386 797 omnia
403 742 484 798 bona
503 744 539 799 de
560 743 602 799 R.
614 744 730 814 Legato
749 745 956 816 praesumebat.

251 836 435 893 Percurram
451 847 483 891 et
497 846 606 893 caetera
622 839 755 911 epistolae
767 839 808 895 R.
823 839 949 896 Domini
963 840 1065 911 Legati
1081 841 1229 909 membra,

186 941 225 987 ac
241 932 344 1002 paucis
362 931 552 1002 respondebo
572 932 608 986 ad
627 943 673 988 en.

251 1026 331 1081 Vere
345 1025 469 1094 scribit,
494 1040 543 1079 me
559 1026 680 1080 tandem
697 1027 918 1096 comparuisse,
940 1036 972 1083 et
990 1027 1228 1084 ditationem-ac.

185 1135 292 1177 cessus
305 1135 340 1174 ac
351 1118 425 1174 salvi
439 1119 607 1173 conductus
621 1119 861 1188 impetrationem
873 1135 1046 1177 excusasse.
1078 1119 1230 1175 Dicebam

184 1213 265 1269 enim
286 1227 336 1267 me
354 1228 371 1265 a
391 1207 489 1278 magni
513 1210 626 1266 ordinis
644 1211 802 1282 utriusque
819 1220 915 1268 status
932 1213 1005 1270 viris
1023 1214 1116 1270 fuisse
1135 1214 1232 1271 moni.

184 1315 266 1373 tum,
291 1321 330 1360 nc
353 1319 459 1360 muros
489 1302 717 1374 Wittembergae
743 1307 920 1375 egrederer,
952 1322 1018 1362 esse
1045 1308 1125 1362 enim
1156 1307 1230 1362 mihi

185 1399 321 1466 insidiae,
349 1407 400 1452 ont
426 1397 522 1466 ferri,
551 1408 602 1453 aut
630 1399 736 1454 veneni
762 1408 891 1470 paratas.
932 1398 1053 1454 Deinde
1075 1399 1171 1454 addidi
1200 1408 1232 1454 et

185 1507 305 1548 cansam
328 1491 519 1562 praedictam,
542 1492 656 1548 scilicet
675 1492 841 1549 amicorum
865 1491 997 1548 stadium
1018 1492 1139 1548 nornine
1165 1494 1232 1550 illu.

184 1577 339 1643 striasimae
360 1585 585 1642 Dominationis
608 1596 665 1642 tuan
687 1587 759 1643 mihi
785 1586 1018 1643 consulentiurn.
1053 1585 1159 1641 Obtuli
1175 1587 1232 1642 ita.

186 1696 246 1753 qne
265 1695 314 1735 me
338 1686 523 1752 prostratum
539 1690 608 1736 ante
627 1682 718 1750 pedes
734 1680 975 1737 reverendissimi
987 1679 1112 1735 Domini
1126 1678 1229 1747 Legati

184 1783 216 1828 et
231 1773 313 1829 omni
328 1773 496 1830 reverentia
512 1783 542 1828 et
560 1775 728 1830 humilitate
744 1775 814 1846 petii
830 1775 965 1842 veniam,
983 1774 1009 1829 si
1027 1773 1099 1845 quid
1115 1782 1231 1827 temere

183 1867 233 1925 vel
257 1868 401 1927 dixissem
420 1869 469 1924 vel
492 1870 640 1939 egissem,
663 1884 790 1940 esseque
817 1885 865 1924 me
889 1868 1114 1939 paratissimum
1127 1867 1230 1922 doceri

184 1972 214 2016 et
229 1961 299 2017 duci
318 1961 417 2028 (siout
436 1968 466 2017 et
487 1962 578 2017 hodie
594 1961 717 2028 sentio)
739 1965 768 2018 in
789 1961 944 2024 saniorem,
958 1961 1145 2017 sententiam.

250 2053 308 2108 Hic
321 2068 370 2109 me
385 2054 652 2110 reverendissimus
665 2054 818 2110 Dominus
833 2054 964 2123 Legatns
981 2064 1103 2126 paterne
1120 2060 1159 2132 et.
1169 2053 1231 2108 cle.

182 2146 368 2201 mestissime
386 2147 535 2216 suscepit,
555 2147 767 2202 commendans
783 2158 814 2202 et
836 2147 1047 2216 congratulans
1063 2146 1135 2202 buic
1156 2161 1231 2200 meaa

183 2238 354 2292 humilitati.
390 2239 494 2293 Statim
509 2238 566 2292 tria
582 2239 655 2294 mihi
677 2239 810 2294 iacienda
831 2238 1010 2310 proposuit,
1035 2238 1230 2293 demandato

183 2330 324 2387 Sanctiss.
346 2329 470 2384 Domini
492 2327 589 2386 nostri
607 2330 694 2401 Papae
715 2330 828 2387 Leonis
847 2331 899 2399 X,
917 2331 996 2386 sicut
1017 2330 1115 2401 ajebat
1141 2329 1233 2398 (nam

183 2423 338 2496 exemplar
356 2423 464 2479 Brevis
483 2424 593 2495 petenti
613 2422 806 2493 denegabat).

249 2516 404 2584 Primum,
423 2526 457 2571 ut
472 2517 603 2572 redirem
615 2519 650 2573 ad
665 2532 736 2576 cor,
757 2527 788 2572 et
802 2526 918 2572 erratus
937 2532 1023 2573 meos
1042 2529 1230 2572 revocarem.

250 2610 404 2680 Secundo,
418 2621 452 2665 ut
467 2612 688 2682 promitterem,
702 2611 730 2667 in
744 2609 883 2666 futurum
897 2609 1046 2666 abstinere
1059 2611 1096 2666 ab
1112 2611 1229 2666 iisdem.

251 2703 379 2774 Tertio,
396 2715 429 2760 ut
448 2704 485 2758 ab
504 2704 644 2761 omnibus
661 2722 782 2780 qnoque
801 2706 864 2761 aliis
883 2699 1086 2772 abstinerem,
1121 2704 1230 2776 quibus

182 2798 352 2869 perturbari
374 2799 467 2870 possit
484 2797 633 2855 Ecclesia.

250 2894 299 2948 Ad
323 2894 453 2962 primum
470 2893 564 2964 petii,
594 2903 627 2950 ut
648 2902 831 2950 monstraret
850 2894 924 2949 mihi
935 2933 945 2961 ,
976 2893 1006 2948 in
1026 2908 1156 2965 quonam
1183 2907 1232 2946 er.

132 2992 133 2997 ’
183 3001 310 3042 rassem.
353 2986 434 3041 Mox
458 2987 488 3041 id
508 2986 639 3056 objecit,
671 2989 753 3058 quod
770 2989 966 3044 conclusione
986 2989 1011 3044 i.
1037 2986 1115 3040 inter
1133 2986 1231 3040 decla.

182 3080 309 3134 randum
327 3079 479 3135 dixeram:
503 3079 657 3152 Oportere
678 3096 761 3147 enm,
781 3081 831 3153 qui
853 3081 889 3134 ad
908 3091 1128 3135 sacramentnm
1145 3094 1231 3132 acce.

182 3172 244 3238 dit,
277 3174 421 3251 credere,
446 3188 479 3228 se
505 3183 737 3228 consecuturum
760 3173 884 3243 gratiam
911 3173 1101 3227 sacramenti.
1147 3171 1230 3226 Hanc

136 3326 138 3330 ,
182 3267 261 3320 enim
287 3267 453 3321 doctrinam
478 3281 545 3320 esse
570 3278 816 3322 contra-sacram
847 3264 1030 3334 scripturam
1056 3274 1086 3318 et
1116 3275 1231 3319 rectam

179 3356 327 3414 Ecclesiae
346 3359 513 3414 doctrinam
529 3360 634 3415 voluit.
669 3357 734 3429 Ego
753 3375 828 3414 vero
848 3368 1022 3412 constanter
1043 3358 1124 3424 dixi,
1142 3358 1173 3411 in
1184 3374 1231 3413 so

180 3464 294 3524 puncto
319 3467 367 3505 me
393 3468 454 3505 non
481 3469 547 3506 ease
573 3469 749 3521 cessurum,
773 3452 852 3506 sicut
879 3467 936 3505 nec
962 3450 1053 3505 hodie
1075 3466 1172 3520 neque
1200 3451 1231 3504 in

109 3529 112 3533 ⁴
184 3557 328 3600 eternum
349 3559 416 3599 sum
436 3560 586 3600 cessurus.
605 3546 694 3602 Tunc
711 3545 787 3615 ipse:
807 3543 906 3610 Velis,
920 3543 1016 3610 nolis,
1034 3542 1124 3597 hodie
1141 3559 1232 3611 opor.

182 3638 259 3693 tebit
275 3652 305 3693 te
325 3654 487 3692 reuocare:
505 3637 614 3709 alioqui
633 3640 682 3695 vel
699 3648 824 3711 propter
841 3639 923 3694 hunc
941 3636 1043 3692 locum
1061 3637 1160 3690 omnia
1179 3647 1230 3690 tua

183 3733 263 3788 dicta
283 3729 443 3785 damnabo.

247 3823 287 3880 Et
312 3840 479 3896 quanquam
498 3825 635 3892 dicebat,
667 3842 733 3882 sese
756 3843 818 3883 non
836 3823 1038 3896 opinionibus
1050 3824 1231 3891 doctorum,

181 3919 235 3976 sed
254 3919 415 3989 Scripturis
436 3921 546 3975 sanctis
566 3929 597 3974 et
613 3918 780 3975 canonibus
802 3915 923 3973 mecum
936 3927 1083 3984 acturum,
1103 3933 1160 3970 nec
1172 3916 1232 3986 syl.

183 4012 282 4069 labam
298 4023 398 4070 tamen
412 4013 571 4086 Scripturas
588 4024 694 4071 contra
713 4029 762 4068 me
779 4012 940 4086 produxit,
960 4027 1029 4067 cum
1048 4026 1104 4080 ego
1123 4018 1229 4065 eontra
