2574 4732
36 313 39 323 ’
103 316 108 327 “
195 328 235 396 ss
393 314 397 318 ’
670 294 763 397 latr.

196 481 374 543 Venerabili
392 488 421 539 et
442 484 568 540 sinceres
591 483 752 561 reliqionis
770 483 946 556 professori
960 484 1098 543 dolaenus·
1113 485 1243 562 Lappa,

260 579 387 635 Ilocrnl.
403 577 804 654 Theolo9ioe,Eremitorum
810 578 1114 657 Aaqust.Ersardlae
1121 582 1242 650 Priori,
1268 667 1270 671 Α

259 671 316 733 sibi
333 674 367 731 in
381 672 520 731 Domino
536 674 735 749 suspiciendo.

646 823 817 882 desua.-

189 928 342 1024 Sslutem.
377 965 473 1025 Mitto
493 966 528 1035 ad
548 973 578 1022 te
599 964 737 1022 Fratrem
753 967 836 1024 hunc
854 976 993 1024 nostrum
1015 964 1239 1033 Gabrieleml),

146 1065 148 1069 ’
188 1058 226 1117 V.
251 1060 310 1130 P.‚
341 1060 508 1116 secuudum
530 1058 762 1117 mandatumst.
780 1059 882 1116 Patris
904 1061 1036 1117 vicarii:
1062 1071 1096 1118 tu
1119 1077 1239 1132 quoque

188 1155 325 1225 ejusdem
341 1153 481 1208 mandato
502 1151 707 1208 satisfaciens
726 1144 815 1221 cura,
834 1163 867 1208 ut
891 1163 921 1209 et
942 1157 1006 1225 ipse
1025 1165 1056 1210 et
1080 1155 1127 1211 alii
1150 1169 1240 1225 quam

187 1249 318 1319 optime,
343 1246 373 1301 id
399 1253 463 1312 cat,
489 1242 693 1299 christianiter
717 1246 905 1314 praeissent.
952 1248 1071 1306 Placuit
1090 1260 1190 1305 autem
1209 1258 1241 1303 et

187 1343 310 1412 expedit
327 1339 365 1407 ei,
379 1350 413 1394 ut
428 1337 671 1394 conventualiter
685 1354 741 1411 per
756 1341 857 1394 omnia
870 1356 938 1398 sese
952 1351 1045 1410 gerat.
1064 1343 1129 1398 Scis
1146 1343 1240 1409 enim,
1271 1323 1273 1329 ’

184 1434 266 1507 quod
293 1435 425 1490 necdum
454 1432 531 1487 ritus
560 1440 590 1486 et
611 1446 715 1487 mores
737 1433 850 1489 ordinis
869 1432 979 1489 viderit
1005 1443 1056 1489 aut
1076 1432 1242 1489 didicerit:-

184 1527 291 1585 deinde
310 1526 462 1596 Fratrem,
481 1541 573 1598 quem
592 1525 662 1580 loco
682 1525 816 1595 ejusdem
840 1526 929 1584 nubis
949 1528 1104 1583 remittere
1122 1528 1238 1598 promi.

158 1623 273 1692 rsiati,
313 1639 384 1678 curn
417 1621 480 1678 hoc
513 1619 617 1676 Fratre
655 1619 817 1676 Leonardo
850 1637 939 1693 quam
971 1622 1056 1676 ocius
1084 1619 1235 1677 absolvas.

181 1709 322 1775 Patimur
345 1717 426 1773 enim
451 1702 606 1788 penuriam
625 1713 735 1771 Vicarii
753 1713 864 1770 Fratris
882 1732 939 1786 pro
963 1714 1117 1770 Gabriele.
1150 1711 1238 1769 Psal.

181 1811 224 1867 mi
251 1812 386 1869 translati
410 1827 427 1865 a
447 1826 498 1865 me
518 1819 553 1864 et
567 1807 713 1878 explanari
735 1809 895 1864 vernacula
920 1809 945 1864 si
967 1808 1040 1863 nulli
1065 1809 1237 1880 placerent,

181 1905 255 1961 mihi
273 1906 385 1979 optime
401 1906 575 1976 plaoerentt
599 1913 729 1958 attamen
744 1901 903 1958 «Iohannes
923 1901 1163 1974 chalcographus
1183 1899 1233 1968 **)

182 2008 341 2070 expectat,
367 2007 402 2054 ut
423 1996 562 2053 absolvas
582 2013 656 2065 eos,
681 2013 760 2067 ‹puos
779 1998 847 2052 miei
864 1997 901 2050 ad
920 2006 960 2052 te.

263 2091 424 2147 Erasmum
444 2102 583 2148 nostrum
605 2090 694 2160 lego,
720 2099 751 2143 et
778 2089 873 2144 indies
903 2086 1055 2144 decrescit
1076 2089 1149 2144 mihi
1175 2088 1238 2143 ani.

179 2200 248 2241 mus
276 2201 348 2255 erga
375 2201 460 2240 eum:
488 2187 588 2257 placet
612 2184 750 2256 quidem,
779 2183 860 2253 quod
882 2191 944 2237 tam
967 2184 1127 2252 religiosos
1144 2199 1237 2253 quam

179 2278 354 2334 sacerdotes
386 2294 448 2332 non
478 2277 577 2331 minus
612 2282 788 2332 constanter
811 2290 901 2345 quam
931 2276 1049 2331 erudite
1075 2277 1172 2345 arguit
1203 2286 1236 2332 et

180 2371 299 2426 damnat
324 2372 495 2426 inveteratae
519 2371 609 2441 hujus
630 2378 661 2425 et
682 2375 849 2422 veternosa
873 2367 1015 2423 inscitiae:
1041 2370 1094 2423 sed
1119 2371 1233 2437 timeo,

179 2481 217 2521 ne
244 2465 400 2521 Christum
432 2475 463 2520 et
488 2464 613 2534 gratiam
635 2462 694 2518 Dei
720 2476 782 2515 non
805 2461 877 2516 satia
905 2471 1098 2531 promoveat,
1122 2464 1233 2532 inqua

179 2556 277 2614 multo
302 2574 349 2614 est
375 2575 464 2631 quam
487 2558 670 2629 stapulensis
692 2555 894 2625 ignorantior:
922 2554 1052 2611 humane
1070 2558 1233 2628 praevalent

179 2654 211 2708 in
242 2669 279 2708 eo
299 2655 376 2725 plus
406 2669 495 2725 quam
523 2653 631 2708 divina.
680 2649 861 2724 Quanquam
876 2650 997 2705 invitus
1016 2667 1085 2705 eum
1101 2652 1231 2721 judico,

179 2747 259 2804 facio
282 2757 401 2816 tamen,
427 2757 460 2801 ut
477 2757 508 2803 te
530 2761 749 2818 praemoneam,
776 2761 814 2799 ne
832 2745 932 2799 omnia
955 2745 1056 2817 legas,
1074 2747 1136 2801 imo
1154 2748 1233 2802 acci.

178 2841 242 2911 pias
262 2843 325 2896 sine
343 2840 470 2912 judicio.
506 2839 662 2911 Tempora
687 2838 766 2894 enim
785 2850 855 2894 sunt
874 2839 1045 2911 periculosa
1069 2840 1181 2907 hodie,
1201 2849 1232 2895 et

178 2934 268 2990 video
284 2973 290 2993 .
313 2936 396 3004 quod
413 2951 475 2988 uon
497 2933 564 2989 ideo
583 2934 729 3005 quispiam
747 2933 785 2989 sit
800 2933 989 2989 Christianus
1010 2950 1081 2988 vere
1100 2937 1231 3006 sapiens,

179 3018 248 3099 quia
269 3027 395 3084 Graecus
415 3029 454 3083 sit
477 3037 506 3081 et
532 3027 688 3094 liebraeus,
717 3028 837 3097 quando
863 3037 892 3079 et
911 3026 1016 3081 beatus
1029 3027 1231 3096 Hieronymus

178 3120 311 3191 quinque
340 3121 446 3189 linguis
474 3121 692 3187 monogloason
723 3119 924 3188 Augustiuum
953 3136 1013 3173 non
1044 3121 1228 3190 adaequarit,

177 3214 249 3269 licet
270 3214 398 3270 Erasmo
424 3214 510 3267 aliter
532 3213 570 3267 sit
590 3213 679 3280 longe
701 3211 809 3266 visum.
846 3211 902 3266 Sed
923 3212 1001 3266 aliud
1019 3225 1065 3267 est
1079 3213 1229 3281 judicium

177 3307 257 3376 ejus,
276 3309 326 3377 qui
347 3307 474 3361 arbitrio
496 3305 628 3361 hominis
649 3323 709 3360 non
726 3305 799 3361 nihil
823 3304 947 3375 tribuit,
972 3306 1051 3360 aliud
1072 3308 1151 3376 eJ‘us,
1178 3309 1228 3379 qui

177 3413 287 3472 praeter
305 3401 430 3469 gratiam
450 3397 521 3454 nihil
543 3401 639 3455 novit.

244 3493 311 3563 Ego
332 3505 431 3547 tamen
456 3492 519 3547 hoc
535 3493 684 3563 judicium
701 3494 899 3549 vehementer
920 3494 1005 3558 celo,
1035 3510 1073 3547 ne
1100 3511 1228 3550 consen.

176 3603 244 3645 sum
269 3587 446 3642 aemulorum
473 3589 537 3658 ejus
565 3586 761 3643 conlirmem:
792 3587 873 3643 dabit
900 3589 927 3642 ei
960 3589 1111 3643 Dominus
1142 3589 1229 3643 intel.

176 3682 289 3737 lectum
317 3697 373 3736 suo
401 3681 481 3735 forte
511 3690 654 3750 ternpore.
705 3680 777 3734 Vale
804 3694 835 3736 et
865 3680 971 3737 Patres
1000 3682 1166 3751 Magistros
1192 3699 1228 3737 ac

175 3776 340 3832 Lectorem
357 3776 467 3829 saluta:
488 3785 517 3828 et
537 3775 561 3829 si
578 3774 620 3827 Ι).
633 3773 773 3830 dodocus
790 3778 973 3848 respondere
990 3777 1064 3831 mihi
1078 3778 1227 3849 dignetur,

180 3889 472 3906 —n--r———n-

228 3970 259 4021 ⁸)
288 3968 320 4016 (a,
336 3962 711 4016 siumeuroaemensium
731 3969 768 4015 etl
784 3968 930 4023 inserueram
949 3970 1227 4023 maerensmaerens.

230 4049 271 4099 ss)
300 4046 359 4100 zeh.
374 4044 601 4098 &cruentatorum
616 4044 665 4093 tem
680 4046 716 4096 tlt
729 4047 890 4103 maiesataam
907 4046 1010 4104 astruet
1025 4050 1129 4100 nasuta
