2574 4732
561 329 651 402 astu.
1091 338 1133 412 ⁷9

83 488 206 564 Optimo
219 494 250 545 et
265 487 386 566 lateque
399 488 626 562 Vironum
641 489 772 548 Docere·
781 480 968 564 menum,
991 493 1130 555 Christo.

141 583 245 692 placen
261 582 422 692 Salamin,
438 582 696 661 Nurmbetyensir
716 583 851 645 Civitatis
866 587 1044 660 Advocato,
1067 606 1125 650 suu

518 816 630 874 Jesn
643 834 668 876 a.

72 942 223 1037 Salutem.
268 978 494 1050 Lamecum,
520 995 595 1054 quas
618 981 674 1038 111.
700 981 806 1039 Nouae
826 975 983 1043 Nouemb.
1012 986 1048 1042 sd
1072 1001 1123 1046 me

74 1074 193 1140 dedisti,
210 1072 266 1129 Vir
282 1074 481 1131 eruditissime
502 1083 533 1129 et
553 1075 790 1147 humanissime,
808 1080 941 1152 animum
954 1087 1039 1136 tuum
1053 1096 1124 1152 erga

70 1177 196 1226 uestros
210 1176 242 1223 et
254 1182 352 1223 meam
369 1170 547 1241 parvitatem
563 1169 688 1226 mirilico
706 1173 866 1228 candidum
884 1183 915 1230 et
935 1175 1025 1245 louge
1043 1175 1123 1233 ultra

71 1263 179 1334 merita
195 1259 512 1318 benevolentissimum
527 1263 744 1335 probauerunt.
771 1267 829 1323 Sed
851 1276 882 1323 et
901 1254 983 1343 ipsae
1006 1270 1122 1342 literae,

71 1356 162 1412 animi
179 1357 221 1413 tui
242 1356 409 1412 certissima
429 1358 544 1427 imago,
561 1358 635 1415 nihil
654 1360 733 1417 uliud
754 1372 860 1430 erant,
880 1371 971 1436 quam
992 1366 1119 1436 candor,

68 1451 144 1508 nr‘hil
167 1447 245 1506 alind
264 1451 503 1514 nunciaverunt,
529 1467 620 1524 quam
643 1455 815 1512 candidum.
851 1457 979 1516 Gaudeo
999 1469 1030 1514 et
1050 1475 1119 1529 gra.

67 1545 125 1600 tiae
143 1559 198 1615 ago
220 1544 303 1601 Due.
316 1544 414 1613 decu,
434 1545 517 1617 quod
533 1547 576 1600 tui
596 1545 867 1618 Nurubergeuees,
885 1550 1020 1624 inprimis
1039 1554 1119 1625 opti.

66 1647 184 1703 anates,
212 1655 279 1693 rev.
307 1637 480 1707 Vicus-ium,
510 1639 617 1693 deiude
646 1640 765 1696 reticem
801 1642 861 1713 (ut
890 1644 1028 1713 scribis)
1055 1647 1119 1718 ejus

67 1733 235 1802 aemulum,
252 1731 470 1788 wenceslaum
491 1740 655 1801 nostrum,
681 1735 756 1789 adeo
776 1735 882 1792 colunt
904 1738 1041 1810 adeoque
1063 1740 1121 1796 ob.

64 1835 206 1895 servant,
231 1841 330 1896 neque
349 1824 414 1880 hoc
439 1825 538 1895 ipsum
562 1824 676 1882 fuciunt
702 1826 765 1883 ullo
800 1828 908 1884 intuitu
939 1832 1037 1887 caruis
1067 1840 1119 1889 aut

63 1928 208 1992 respectu
238 1933 457 1991 personarum,
486 1927 520 1974 ut
551 1919 631 1975 solet
662 1919 769 1990 vulgus
794 1923 963 1992 gregarium
981 1921 1034 1995 ²),
1064 1927 1131 1984 aad.

55 2009 200 2086 justob)
227 2026 330 2067 umore
355 2011 497 2067 scientiae
528 2013 665 2072 salutaris
697 2026 728 2072 et
755 2018 856 2072 studio
889 2017 975 2076 verbi
1003 2021 1116 2089 gratiae.

58 2105 245 2171 Confirmet,
271 2120 346 2173 oro,
369 2105 527 2176 hocopus
555 2121 643 2163 sirum
674 2109 848 2180 Dominus,
874 2113 956 2184 quod
979 2114 1112 2188 incepit.

59 2209 151 2272 atque
167 2198 302 2271 perficiat
313 2198 347 2266 c)
366 2200 508 2271 usquein
526 2199 624 2256 linem.
659 2204 767 2262 Amen.

128 2293 307 2361 Caeterum,
326 2293 408 2363 quod
430 2293 564 2350 secundo
586 2297 738 2368 hortaris,
763 2307 797 2355 ut
816 2300 913 2357 studia
932 2317 999 2357 mea
1013 2299 1113 2358 hono.

57 2405 139 2456 rem,
164 2396 195 2441 et
213 2388 249 2442 ad
272 2385 315 2442 D.
332 2386 456 2446 Hieron.
476 2384 600 2459 Ebner,
625 2392 851 2449 moderatorem
874 2394 1000 2466 inclytae
1027 2395 1111 2452 urbis

56 2491 194 2547 restrae,
226 2481 336 2554 aliquid
358 2496 397 2536 ex
418 2480 533 2537 officina
552 2499 620 2541 mea
640 2487 826 2557 producam,
855 2480 1028 2559 (siquidem'
1042 2505 1106 2545 uon

54 2577 129 2634 meis
151 2575 256 2634 studiis
276 2592 388 2631 nomeu
405 2575 484 2631 illius
502 2574 666 2634 honestare
687 2594 832 2650 possum,
858 2579 912 2636 sed
929 2562 1035 2652 potius¹
1054 2596 1110 2636 uo.

53 2688 124 2726 meu
143 2671 207 2740 ejus
228 2671 325 2727 studia
345 2673 434 2738 mea)
453 2672 579 2726 nimium
599 2672 637 2727 de
658 2687 707 2726 me
729 2671 856 2728 confidis
881 2681 972 2744 atque
987 2687 1112 2744 praesu.

50 2767 124 2823 mie.
158 2765 229 2822 Nou
249 2766 334 2822 deest
356 2764 476 2835 quidem
496 2764 570 2820 mihi
591 2772 699 2820 votum
721 2774 752 2819 et
772 2765 904 2819 studium
924 2780 1041 2819 summe
1068 2764 1112 2823 illi

53 2859 240 2932 obsequendi
273 2869 304 2913 et
335 2857 389 2913 tibi
419 2857 630 2927 gratificandi,
654 2859 707 2913 sed
731 2875 793 2913 non
818 2858 884 2929 opis
905 2866 952 2914 eet
972 2867 1111 2926 nostrae3

53 2970 111 3010 uec
140 2954 192 3009 tali
223 2970 272 3008 me
300 2952 409 3023 dignor
436 2952 568 3007 honore.
617 2949 668 3006 Tu
700 2949 822 3023 quidem
854 2951 1001 3020 egregiam
1030 2953 1110 3020 geris

52 3049 229 3123 opinionem
264 3048 300 3103 de
329 3046 436 3102 studiis
469 3047 567 3114 meis,
600 3043 653 3100 aed
690 3060 746 3113 ego
779 3043 1020 3113 abjectissimam.
1067 3044 1110 3102 Et

47 3157 218 3216 quanquam
245 3141 334 3198 animi
361 3142 404 3195 tui
435 3139 524 3195 iidem
552 3138 779 3208 integerrimam
808 3138 932 3195 credere
960 3138 1104 3208 debeam,

44 3247 150 3293 tamen
172 3237 269 3291 multo
291 3235 384 3304 magis
401 3236 483 3290 vires
504 3250 586 3290 meas
611 3234 675 3306 ipse
697 3231 866 3306 ponderare
885 3243 1002 3289 teneor.
1038 3233 1106 3290 lmo

44 3341 80 3387 ut
108 3331 164 3387 tibi
190 3331 367 3404 simpliciter
387 3329 552 3398 confitear,
577 3329 664 3400 coepi
689 3326 748 3384 tuis
770 3327 893 3383 monilis
915 3328 992 3385 velle
1014 3326 1105 3384 obse.

41 3427 121 3498 qui,
148 3434 180 3481 et
201 3426 264 3497 jam
286 3411 508 3498 disquirebum,
535 3423 677 3497 quidnam
700 3424 876 3493 aggrederer
900 3418 1105 3506 potissimum·

41 3517 84 3576 Et
109 3536 182 3577 ecce
211 3521 241 3575 in
263 3520 403 3575 universa
422 3518 609 3591 supellectile
629 3531 697 3572 mea
723 3516 841 3587 (quem
864 3532 1016 3589 uunquam
1039 3526 1101 3572 tam

45 3621 166 3670 curtam
185 3611 331 3684 agnovi,)
350 3612 491 3686 quicquid
510 3608 714 3682 occurrebat,
732 3609 892 3680 sordebat,
910 3619 940 3665 et
958 3594 1101 3680 indiguis·

40 3708 156 3764 simum
176 3705 352 3780 apparebat,
370 3707 453 3778 quod
474 3704 524 3761 tali
550 3721 586 3760 ao
607 3712 690 3758 tanto
713 3703 780 3759 viro
804 3719 886 3759 ame
905 3702 1022 3759 tantillo
1046 3702 1099 3758 de.

36 3803 211 3858 dicaretur.
247 3800 318 3856 Non
335 3801 434 3856 solum
454 3801 533 3856 euim
549 3816 598 3856 me
619 3796 804 3874 prohibebat
823 3779 944 3870 insignis
967 3778 1100 3864 mecine,

91 3997 123 4044 a)
148 3986 278 4046 eules:
297 3989 426 4050 ungarius.
656 3993 686 4047 s)
711 3972 775 4046 66.
790 3986 915 4050 preficiat»

89 4071 122 4124 1¹)
150 4066 214 4119 δώ.
233 4078 308 4118 suste.
