2574 4732
112 360 153 425 ss
594 352 683 426 1516.

108 522 302 574 commotus:
322 522 378 586 ego
398 512 475 572 nihil
495 516 578 584 scio,
595 532 695 590 neque
708 515 851 588 mysteria
869 514 928 572 ulls
942 515 1092 588 intelligo:
1111 535 1164 576 su.

111 611 172 667 divi
188 620 286 665 sutem
308 610 449 667 Priorem
468 608 783 684 Msgdeburgeusem,
807 627 937 683 praeseus
959 622 1161 685 presentem,

113 705 204 760 etiem
224 714 298 761 tuno
318 707 450 775 graviter
471 707 637 774 serentem,
668 724 704 762 sc
728 707 852 763 omniuo
873 708 984 776 talem,
1013 707 1110 779 qualis
1132 709 1163 763 iu

112 797 254 857 Eisleben
281 799 355 867 fuit,
384 799 414 855 id
434 808 498 869 est,
527 816 654 872 prorsus
683 802 893 872 desperantem
922 800 959 855 de
985 801 1162 874 sustinendo

112 894 212 949 studio
230 893 307 965 spud
322 908 366 957 se,
385 910 442 949 nec
458 911 518 949 uon
532 904 563 949 et
578 894 693 966 aliquot
707 895 848 951 Seniores
861 911 965 951 secum
979 895 1161 951 sentientes?

112 989 218 1044 deiude
237 997 381 1061 quantum
398 1003 438 1043 ex
454 987 493 1044 Ρ.
515 985 666 1058 Magistro
688 989 754 1061 cepi
778 997 812 1066 et
829 989 960 1057 credidi,
986 988 1050 1044 siue
1068 1003 1161 1061 opere

111 1091 143 1138 et
157 1099 247 1155 opero
262 1083 375 1150 activa,
393 1083 446 1138 sed
463 1089 579 1136 tentum
592 1083 729 1152 passius,
748 1083 903 1142 voluntate
918 1092 1018 1138 eutem
1037 1083 1161 1156 provin.

112 1177 232 1232 cislium
249 1175 393 1244 Petrum,
423 1174 537 1230 ibidem
560 1174 702 1231 relictum
719 1175 862 1232 studium.
898 1177 945 1231 Ao
966 1177 1011 1232 sic
1035 1176 1159 1233 discessi

112 1271 264 1326 credulus.
320 1261 325 1272 ¹
716 1273 725 1279 ”

178 1364 280 1418 Tuum
296 1371 397 1416 sutem
413 1374 492 1417 nunc
510 1363 584 1431 erit,
614 1378 676 1417 non
697 1370 813 1418 tantum
831 1363 910 1419 hauc
929 1361 1160 1435 percussionem

112 1459 142 1512 in
156 1457 312 1511 dexteram
330 1455 482 1511 maxillam
501 1457 674 1530 suscipere,
700 1457 753 1514 sed
773 1459 863 1514 etiem
880 1456 1015 1528 praebere
1035 1464 1066 1512 et
1087 1457 1160 1512 site.

111 1568 188 1612 ram.
221 1549 293 1606 Non
310 1552 368 1605 erit
385 1550 451 1633 ¹3²⁰
467 1550 619 1618 maxims,
637 1551 690 1607 sed
706 1568 762 1607 nec
777 1552 941 1615 novissima
955 1551 998 1606 tui
1011 1552 1159 1608 tentatio&

111 1647 188 1701 indit
207 1646 299 1700 modo
316 1655 416 1699 tecum
438 1643 580 1717 sapientia
597 1644 658 1701 Dei
682 1662 717 1701 ac
735 1655 819 1718 parat
841 1645 877 1700 sd
895 1646 1008 1700 serium
1024 1645 1156 1708 bellum,

112 1740 280 1796 sivixeris.
314 1738 433 1794 Fratres
456 1739 627 1808 studentes,
657 1738 730 1794 nihil
752 1747 815 1808 est,
847 1747 880 1793 ut
907 1740 943 1793 sd
964 1754 1012 1792 me
1038 1739 1158 1805 mittas,

112 1844 176 1890 tum
195 1835 276 1906 quod
294 1832 478 1888 abundemus
494 1832 610 1901 nimio,
627 1842 691 1889 tum
708 1833 790 1905 quod
808 1831 901 1903 pestis
920 1830 1158 1900 circumfremit,

112 1939 144 1986 et
156 1930 238 1984 omni
256 1929 303 1984 die
319 1928 436 1984 irruere
451 1935 646 1998 expectatur,
671 1943 726 1993 ue,
744 1926 770 1982 si
790 1926 949 1994 venerint,
974 1939 1050 1980 mox
1072 1940 1159 1979 rece.

111 2025 185 2080 dere
200 2035 364 2091 cogantur,
384 2020 452 2092 quin
467 2029 554 2075 certo
570 2021 682 2076 certius
697 2018 790 2090 pestis
805 2019 950 2090 impetum
967 2033 1071 2075 omnes
1083 2033 1160 2089 prse.

111 2117 238 2184 rugiunt.
271 2114 388 2169 Sustine
400 2151 411 2182 ,
435 2112 549 2182 suffer,
577 2111 685 2173 crede,
716 2130 806 2185 spere
832 2115 953 2182 omnis,
980 2113 1060 2171 sicut
1085 2115 1160 2171 facit

111 2209 254 2264 charitas.
799 2198 801 2203 ’

177 2300 317 2366 Nescio,
347 2313 384 2352 su
410 2297 612 2352 reverendum
639 2298 762 2355 Patrem
784 2299 814 2355 in
843 2297 978 2354 Monsco
1007 2299 1156 2371 reperies:

112 2396 192 2450 dedit
212 2394 248 2449 ed
263 2409 312 2448 me
331 2393 433 2448 literas
451 2406 491 2446 ex
509 2391 601 2454 veiis,
620 2409 691 2447 cum
707 2409 747 2448 ex
760 2392 968 2463 Magdeburga
988 2394 1158 2463 rediissem,

111 2491 183 2545 sutis
197 2488 298 2544 tristes
312 2496 342 2541 et
357 2485 484 2543 breves:
505 2487 542 2541 de
558 2486 668 2559 quibus
684 2485 843 2559 putabam,
860 2497 891 2542 te
904 2503 920 2540 s
933 2502 982 2541 me
992 2488 1157 2543 certiorem

56 2619 59 2634 ,
112 2599 180 2639 esse
200 2582 324 2636 sactum.
349 2581 405 2636 Sed
426 2589 457 2636 et
475 2579 622 2653 Princeps
641 2597 732 2644 eum,
755 2581 826 2652 quin
847 2588 877 2634 et
899 2580 1033 2635 Comites
1051 2578 1159 2638 Mans.

112 2678 260 2734 seldenses
269 2683 456 2732 vocaverunt
466 2673 572 2743 literis,
590 2685 621 2731 et
635 2667 812 2746 pr'aesumtus
826 2675 881 2729 fuit
891 2675 1036 2730 adventus
1049 2674 1112 2744 ejus
1126 2686 1157 2730 et

112 2775 210 2828 adhue
220 2770 425 2844 presumitur:
441 2768 497 2825 sed
515 2769 595 2826 forte
606 2770 641 2826 sd
652 2771 795 2826 Alsatiam
810 2767 1022 2841 proficiscitur.
1045 2768 1156 2828 Scribit

111 2866 260 2935 Magister
279 2863 436 2919 dohsunes
449 2861 545 2932 Vogt,
569 2862 750 2933 Magistrum
768 2861 941 2918 Johonuern
955 2861 1154 2919 Mechliniam

111 2962 147 3015 sd
166 2976 199 3016 se
216 2959 386 3029 scripsisse,
404 2958 441 3012 de
458 2958 677 3014 reformatione
693 2966 859 3013 conventus
872 2956 1094 3013 Dordrscensis
1115 2957 1153 3013 R.

109 3054 233 3111 Patrem
246 3069 311 3108 esse
328 3053 491 3123 appetitum
509 3067 526 3106 s
538 3051 629 3107 Duce
645 3049 755 3106 Cereio
768 3059 799 3105 et
812 3060 917 3106 senatu
931 3050 1061 3106 civitatis
1074 3051 1154 3121 ejus.

111 3149 195 3203 deme
222 3156 252 3201 et
276 3162 333 3215 ego
360 3146 471 3200 noiiem
497 3143 527 3200 id
549 3142 625 3199 fieri.
661 3143 745 3198 vate.
779 3141 830 3198 Ex
854 3143 1080 3214 Wittemberg‚
1107 3145 1155 3203 die

111 3242 217 3299 Felicis
237 3251 267 3297 et
285 3239 422 3296 Adsueti.
457 3235 554 3291 Salute
572 3252 677 3292 omnes
695 3246 727 3292 st
743 3253 793 3291 ms
812 3238 869 3293 iilis
894 3239 1083 3294 commenda.

763 3330 796 3386 F.
814 3330 966 3389 Martinus
984 3331 1158 3399 Lutherus,

473 3650 533 3743 Χ25.
558 3647 774 3718 &retemire

523 3814 583 3883 ΝΟ.
609 3814 739 3885 xvnt.

110 3984 161 4057 tis
190 3979 355 4063 susan
381 3974 546 4060 stertet
566 3978 627 4159 sgr?
647 3979 709 4164 ἲς
725 3975 1155 4063 trististtadtptttt

524 4096 558 4164 su
613 4097 647 4156 tt
672 4098 689 4154 o
710 4093 734 4155 t.
1041 4096 1045 4102 ·
