2574 4732
590 332 677 401 1518.
1117 333 1160 398 85

116 485 313 543 Thomistioo
333 487 538 572 eruditionis,
555 487 692 567 deliniret
710 487 803 556 mihi,
827 488 966 560 quidnam
993 496 1074 547 esset
1100 490 1157 545 im.

116 579 198 651 plere
211 582 349 637 mandata
358 580 434 639 Dei:
459 582 543 651 eoin,
561 584 704 655 inquam,
722 582 837 637 nullum
860 599 925 640 esse
937 574 1155 650 ‘Thomistam,

116 673 165 745 qui
182 672 220 729 -id
238 675 324 731 eolat.
365 675 422 730 Hic
433 675 535 731 'homo
561 691 601 731 ex
627 677 739 748 trivio,
758 676 857 733 adhuc
878 692 998 735 memor
1016 680 1155 736 ruditatis

117 781 194 834 suaa,
211 767 408 827 exclamauit:
427 771 464 826 da
484 780 602 842 pastum
623 768 689 840 (sic
707 771 787 826 enim
804 782 932 829 vocatur
949 774 1078 844 pretium
1092 774 1155 830 ludi

115 861 366 932 magistrorum:
383 863 456 936 quid
475 865 554 920 enirn
569 864 648 920 uliud
663 864 883 935 responderet,
899 865 950 937 qui
964 867 1042 924 eliud
1058 869 1157 924 nesci.

115 961 182 1012 reti
199 955 268 1013 Hoc
286 956 400 1012 insulso
417 973 565 1037 responso
590 957 621 1013 in
641 959 736 1013 risum
758 957 868 1026 soluti,
896 960 1020 1028 digressi
1042 976 1157 1018 sumus.

116 1047 227 1106 Poetee
250 1051 326 1106 mihi
347 1050 439 1108 Prior
457 1051 642 1109 Dresdenais
665 1052 802 1125 scripsit,
826 1042 917 1124 quem
932 1054 1158 1124 Jaotitaaerint,
1185 1085 1187 1089 ν

117 1150 153 1199 οι
167 1144 199 1198 io
225 1143 375 1215 Prinoipie
398 1144 464 1199 aula
486 1162 607 1219 quoque
631 1161 680 1200 me
703 1145 898 1216 foedaverint,
925 1157 959 1203 ut
984 1148 1161 1216 indoctum,

116 1236 278 1308 superbum
293 1255 328 1294 ao
347 1239 451 1295 nescio
466 1248 541 1310 quot
560 1239 749 1309 nominibus,
774 1240 847 1295 item
866 1242 949 1310 quod
966 1257 1159 1308 sermonem,

117 1347 206 1402 quem
226 1331 257 1386 in
279 1343 380 1388 oestro
403 1334 553 1400 feceram,
576 1335 606 1388 in
626 1348 748 1389 omnem
767 1331 896 1406 (praeter
915 1335 1098 1400 veritatem)
1116 1336 1161 1389 sa.

116 1425 194 1481 eiem
211 1433 374 1482 verterant.
416 1426 612 1482 Adduxeram
627 1427 788 1484 historiam
805 1428 842 1485 de
859 1428 957 1485 tribus
977 1429 1158 1500 quibusdam

115 1518 280 1589 virgInibus
298 1520 605 1589 theologioiasimama
623 1521 679 1577 has
698 1531 765 1576 tres
779 1530 884 1592 postea
903 1523 933 1577 in
953 1524 1019 1577 aula
1040 1523 1159 1579 Prinoi.

115 1612 160 1684 pie
184 1628 201 1666 u
221 1628 270 1666 me
287 1622 405 1670 notatas
422 1614 601 1682 garrierunt.
642 1613 801 1680 Breviter,
820 1613 968 1681 genimina
985 1625 1160 1686 serpentum

115 1717 260 1777 expertus
279 1722 361 1771 eum,
387 1707 439 1778 qui
464 1717 495 1762 et
518 1705 620 1761 omnia
636 1705 749 1760 vellent
765 1716 794 1760 et
807 1689 881 1761 nihil
902 1716 1045 1777 possent,
1061 1709 1162 1776 gloria

114 1814 177 1854 susa
200 1799 370 1854 detractum
395 1807 553 1869 putantes,
575 1797 691 1868 siquid
716 1798 746 1852 in
775 1814 825 1853 me
845 1799 1090 1870 irreprehensum
1116 1819 1165 1857 re.

113 1893 298 1963 linquerent.
330 1890 398 1961 Ego
419 1892 491 1946 istae
510 1890 607 1946 laruas
628 1900 823 1948 contemnens
842 1894 1003 1972 rescripsi,
1020 1895 1164 1967 utquies.
1203 1897 1205 1903 '

116 1992 222 2053 seret,
249 1985 362 2040 sineret
388 1993 420 2038 et
440 1983 514 2039 mihi
536 1999 636 2039 meum
656 1984 729 2040 Cain
751 1997 782 2040 et
806 1985 919 2043 Judam
943 1987 1064 2049 viuere..
1105 1987 1175 2044 Sed.

114 2078 318 2144 Hieronymus
332 2076 441 2134 Emeer
455 2089 520 2142 tum
535 2078 622 2132 enixe
639 2094 706 2134 sese
724 2081 895 2137 excusavit:
914 2080 994 2136 idem
1011 2092 1042 2137 ct
1054 2082 1163 2154 Lipsiae

113 2171 281 2228 novissime
302 2187 351 2225 nse
372 2171 519 2227 accedens
543 2172 676 2242 juravit,
699 2173 794 2229 nullas
817 2174 938 2231 insidias
961 2188 1028 2231 sese
1054 2187 1162 2233 contra

113 2282 165 2322 me
187 2264 407 2322 machinaturus
437 2281 511 2334 ego,
538 2264 618 2321 siout
636 2276 667 2322 et
680 2265 792 2335 hodie,
816 2270 1016 2325 contemsisse
1030 2287 1080 2327 me
1097 2271 1161 2327 dixi

114 2370 177 2416 tam
196 2360 281 2416 nihili
295 2361 426 2416 furores.
451 2359 480 2414 si
499 2369 570 2415 eunt
589 2360 671 2416 docti
694 2361 786 2427 adeo,
807 2370 878 2417 sunt
897 2364 960 2432 typi
977 2363 1159 2421 et-ohartaea
1190 2420 1199 2439 x

115 2456 205 2512 edant
224 2455 332 2528 aliquid
352 2463 385 2517 et.
407 2455 567 2511 ostendant
587 2454 716 2524 gloriam
735 2454 962 2523 magnificentias
984 2459 1163 2514 eruditionis

114 2565 187 2606 snae.
222 2549 326 2604 Sermo
348 2558 412 2603 erat
432 2548 469 2603 de
487 2547 518 2602 S.
537 2546 658 2604 Jaoobo
673 2547 803 2618 majore,
822 2549 907 2617 cujus
924 2559 998 2605 tunc
1015 2561 1079 2605 erat
1099 2551 1164 2605 dies

115 2646 213 2700 festus
228 2659 320 2714 super
341 2643 496 2711 evangelio
511 2660 520 2697 a
537 2642 659 2697 neronis
678 2640 753 2713 quid
766 2642 890 2710 petatis,
908 2640 959 2695 ubi
983 2642 1074 2699 stulta
1092 2652 1166 2698 vota

115 2737 273 2794 hominum
306 2735 377 2790 Deo
404 2734 635 2805 supplicantium
667 2735 792 2805 taxavi,
829 2745 861 2790 et
890 2735 963 2806 quid
993 2735 1165 2793 Christiano

115 2832 280 2901 petendum
298 2836 380 2884 esset
396 2827 498 2883 docui.
867 2869 879 2892 ,,
1103 2895 1104 2899 ¹

185 2923 340 2996 Episcopo
359 2919 509 2977 Misnenti
527 2919 599 2992 quid
612 2920 768 2983 acciderit,
785 2920 858 2975 satis
881 2920 1000 2990 miror,
1019 2923 1075 2980 nisi
1095 2922 1166 2978 illud

117 3016 326 3078 Ecclesiastici
342 3031 448 3070 verum
467 3015 578 3086 patitur
600 3014 630 3069 in
654 3029 687 3069 se
711 3015 796 3085 ipso:
813 3012 942 3070 honores
963 3023 1083 3074 inritant
1101 3035 1167 3075 mo.

118 3129 189 3180 res,
213 3121 244 3166 et
268 3112 359 3180 uulgo
386 3110 552 3183 adjectum:
579 3107 635 3165 sed
653 3124 732 3163 raro
760 3109 793 3163 in
821 3107 971 3166 meliores.
1015 3110 1083 3171 Neo
1105 3112 1166 3169 vidi

120 3221 251 3278 unquam
274 3205 445 3266 hominem,
463 3205 518 3260 nisi
545 3205 627 3274 quod
646 3212 731 3258 antea
754 3201 877 3259 Vicario
899 3214 1006 3261 nostro
1024 3206 1169 3263 aruioisei.

120 3316 204 3362 anum
232 3299 322 3357 inisse
348 3300 424 3355 seio.
467 3300 525 3354 Sed
549 3314 610 3354 non
637 3298 774 3368 mireris,
805 3299 846 3354 mi
872 3299 1038 3371 Spalatine,
1061 3303 1098 3356 de
1117 3314 1167 3356 me

120 3393 197 3450 mala
215 3393 285 3451 dici.
320 3392 391 3446 llaec
410 3401 497 3461 eunt,
515 3408 580 3463 quaa
598 3393 729 3461 gaudens
751 3393 855 3454 audio:
873 3394 929 3449 nisi
953 3395 1167 3463 maledicerer,

120 3504 183 3543 non
201 3487 357 3544 crederem
376 3500 416 3541 ex
435 3485 506 3543 Deo
526 3502 612 3556 esse,
630 3502 697 3555 quaa
717 3496 825 3543 tracto.
846 3487 985 3546 Christos
1004 3491 1168 3560 insignum

122 3562 371 3646 contradictionis
396 3595 525 3651 ponatur
552 3589 695 3650 oportet,
721 3590 752 3635 et
778 3583 808 3637 in
835 3583 951 3638 ἠιὶηιιι
980 3585 1167 3651 multorum,

121 3691 184 3730 nnn
203 3675 352 3744 gentium,
371 3674 423 3729 sed
445 3673 537 3729 lsrael
560 3684 591 3729 et
610 3674 798 3744 electorum,
819 3678 1067 3748 egregiornmque
1085 3677 1168 3730 viro.

122 3786 211 3838 rum,
227 3778 261 3825 ut
277 3768 416 3826 Psalmus
433 3767 575 3824 LXXVII
594 3769 682 3825 dicit:
714 3769 759 3823 Et
777 3769 884 3825 occidit
899 3771 1028 3843 pinques
1048 3771 1098 3832 (id
1122 3777 1168 3822 est

122 3873 276 3932 magnetes
302 3872 333 3919 et
361 3863 540 3935 optimates)
559 3879 675 3931 toruus,
698 3869 726 3916 et
751 3861 857 3918 electos
881 3845 984 3919 lsrael
1004 3861 1167 3930 impertivit.

122 3958 195 4014 llaec
224 3960 344 4029 inquam
365 3966 435 4015 sunt
464 3974 556 4030 opera
581 3957 663 4025 Dei,
690 3957 831 4017 occidero
857 3965 888 4012 et
911 3955 1078 4028 impedire,
1105 3971 1168 4011 non
