2574 4732
114 313 155 382 tl
596 309 684 376 1516.

112 489 169 542 ego
184 484 239 544 per
255 470 386 527 hiemem
400 469 500 538 istam,
517 468 547 524 ni
560 469 653 541 pestis
663 468 841 536 intercedat,
858 466 1029 549 tricesimus
1041 470 1158 534 sextus,

112 574 164 620 aut
182 565 271 620 etiam
291 563 548 635 quadragesimus,
567 562 592 617 si
606 563 744 619 venerint
758 550 875 630 omues,
894 561 945 632 qui
959 568 1028 615 sunt
1041 559 1159 629 signati.

16 641 21 662 ⁴
109 657 229 714 Videris
247 656 320 715 mihi
337 654 629 710 multumimbibere
644 654 816 710 'diffidentiae
835 661 866 738 et
886 653 1079 726 proprietatis
1100 650 1160 706 Er.

111 750 271 813 furdianae,
297 749 380 821 quasi
395 749 482 804 Deus
499 747 596 819 possit
613 748 729 818 iacere,
754 759 787 804 ut
806 765 867 805 nou
885 754 987 819 pascat
1005 747 1096 802 etiam
1114 747 1160 801 in.

112 850 233 914 gratos,
263 852 295 900 et
312 860 372 898 uon
393 852 494 900 servet
512 843 601 898 etiam
619 845 732 898 servari
750 843 898 899 nolentes.
982 880 984 885 ,

123 976 130 983 -
181 937 303 999 Deinde
316 937 356 991 itn
370 937 526 1008 proprium
540 935 594 991 tibi
611 936 690 992 istud
702 936 919 994 monasterium
934 933 1021 1001 iacis,
1038 943 1072 988 ut
1084 933 1159 989 alios

110 1033 251 1088 nomines
271 1031 464 1100 alienigenae,
490 1037 521 1084 et
544 1029 666 1086 suadeas
686 1029 760 1085 mihi
771 1069 781 1099 ,
807 1040 843 1085 ut
860 1028 1081 1099 tecutu‘jurem
1092 1042 1161 1081 ma.

111 1137 193 1183 trem
206 1141 316 1180 meam.
350 1122 427 1194 Qua
445 1131 491 1178 est
507 1130 604 1178 mater
620 1139 687 1179 mea
705 1133 738 1178 et
752 1125 824 1180 tua?
840 1123 917 1190 Vide
931 1123 1050 1194 itaque,
1067 1136 1158 1194 quam
1178 1123 1183 1135 “

112 1224 154 1281 sis
168 1221 260 1294 iniqui
277 1219 351 1282 zeli,
367 1226 401 1272 ut
422 1216 604 1271 detrimento
623 1215 768 1271 tuo-huic
783 1216 900 1277 servire
914 1216 1012 1284 velis,
1026 1214 1066 1270 illi
1083 1230 1157 1270 vero

111 1332 169 1371 uec
194 1315 281 1370 lucro
301 1322 366 1367 tuo.
402 1308 483 1366 Cave
501 1308 618 1380 itaque,
646 1318 680 1364 ut
689 1309 787 1380 *juxta
797 1306 969 1364 Taulerum
986 1318 1073 1363 tuum
1090 1324 1159 1379 per.

113 1422 255 1474 sereres,
273 1413 445 1474 segregatus
462 1403 625 1474 utrinque,
642 1411 674 1459 et
688 1404 859 1459 communis
875 1402 970 1457 homo
990 1404 1027 1457 ed
1046 1401 1158 1470 omnia',

112 1501 191 1556 sicut
206 1501 295 1557 decet
310 1497 479 1559 communis
499 1496 576 1565 Dei,
602 1497 771 1554 communis
786 1495 929 1552 Ecclesiae
948 1495 1050 1552 lilium.
1088 1495 1160 1551 Fra.

112 1603 192 1669 trem
217 1593 390 1650 Johanuem
407 1591 557 1646 Metzeler
580 1592 658 1648 dabo
679 1591 751 1656 tibi,
779 1591 832 1647 ubi
848 1591 1026 1647 intellexero
1051 1605 1159 1645 carere

113 1704 205 1760 posse
224 1688 276 1744 illo
287 1686 486 1750 ,lalebieueea

182 1783 233 1839 De
251 1781 402 1854 positione
415 1796 494 1847 mea,
511 1779 574 1836 lmo
588 1778 802 1843 Bartholomaei
813 1776 1065 1846 Feldkirchen*),
1082 1775 1157 1831 nibil

113 1884 160 1933 est
181 1876 264 1948 quod
280 1875 429 1930 mirentur
446 1873 487 1927 tui
508 1872 714 1942 Gabrielistae,
744 1890 814 1930 cum
836 1877 868 1930 εἰ
885 1874 945 1929 mei
960 1872 1158 1929 vehementer

113 1956 273 2041 hucusque
292 1968 451 2022 mirentur.
485 1964 527 2020 Et
549 1967 670 2037 quidem
691 1967 801 2037 positio
824 1967 887 2038 ipsa
906 1982 946 2022 ex
961 1968 1011 2022 me
1032 1973 1158 2019 nonest

112 2063 209 2130 iacta,
228 2060 280 2117 sed
297 2060 347 2115 M.
361 2058 601 2137 Bamholommus
613 2076 679 2121 enm
690 2063 735 2116 sic
749 2061 908 2129 conflavit,
926 2060 1043 2134 scilicet
1055 2066 1157 2113 motus

113 2154 334 2209 oblatratorum
359 2151 527 2206 lectionum
546 2168 682 2207 mearum
702 2154 828 2221 garritu.
872 2154 977 2223 ltaque
997 2151 1094 2216 ¹fecit,
1125 2162 1159 2207 ut

112 2246 203 2302 etiam
223 2234 353 2316 (praeter
373 2243 529 2311 ordinem,
554 2260 604 2298 me
621 2245 818 2315 praesidente)
835 2244 956 2315 publice
976 2245 1040 2299 haec
1058 2244 1159 2299 disco.

111 2346 251 2395 terentur
268 2338 305 2392 ad
324 2336 542 2392 obstruendum
559 2354 612 2392 ora
629 2337 838 2406 garrientium,
858 2337 906 2393 vel
925 2337 961 2393 ad
978 2337 1158 2415 audiendum

105 2431 254 2503 judicium
272 2429 409 2487 aliorum.
436 2430 502 2500 Ego
518 2447 589 2488 rane
601 2431 720 2501 gravius
733 2430 845 2487 offendi
862 2447 986 2500 omnes,
1004 2431 1086 2502 quod
1104 2448 1159 2488 ne.

111 2527 177 2600 gavi
204 2525 315 2580 librum
341 2525 379 2580 de
402 2541 473 2581 vera
495 2536 526 2582 et
553 2526 626 2583 lalsa
655 2525 828 2596 punitentia
842 2541 907 2582 esse
930 2525 965 2583 B.
986 2526 1158 2594 Augustini.

109 2617 168 2675 Est
186 2620 265 2675 euim
281 2620 496 2683 insulsissimus
516 2629 547 2675 et
563 2620 782 2693 ineptissimus,
800 2628 831 2674 et
850 2618 924 2676 nihil
943 2618 979 2677 ab
998 2620 1158 2690 Augustini

110 2712 279 2769 eruditione
299 2723 329 2768 et
344 2729 434 2769 sensu
455 2711 612 2770 remotius.
649 2713 742 2784 Quod
762 2714 842 2768 enim
859 2713 1021 2770 Gratianus
1041 2724 1071 2770 et
1087 2713 1158 2770 Ma.

109 2810 203 2879 gieter
216 2808 431 2866 sententiarum
447 2809 574 2880 plurima
591 2824 630 2863 ιιι
647 2809 869 2881 incoeperint,
901 2819 931 2865 et
952 2809 1157 2867 couscientia·

110 2918 180 2957 rum
196 2920 256 2958 non
274 2904 453 2958 medicinam
465 2903 546 2972 „sed
561 2903 763 2959 carnificinam
780 2905 995 2973 confleverint,
1012 2903 1155 2960 solebam.

109 2995 153 3049 At
167 2994 239 3052 illos¹
253 2996 479 3068 implacabiliter
500 2999 640 3065 offendit,
665 2998 814 3070 praecipue
836 2997 1008 3054 Doctorem
1027 2996 1157 3052 Carlsta.

111 3082 213 3157 dium,
243 3090 324 3159 quod
346 3090 411 3144 haec
433 3091 537 3144 'aciens
565 3105 674 3158 negare
700 3092 832 3146 audeam.
865 3091 971 3148 Dicito
995 3107 1068 3162 ergo
1087 3091 1157 3149 ,istie

110 3180 293 3236 mirabundis
306 3192 356 3236 aut
373 3182 473 3251 potius
486 3181 671 3238 mirabilibus
684 3179 852 3254 theologis,
872 3202 992 3247 mecum
1011 3202 1073 3241 nou
1088 3201 1155 3240 essa

112 3273 339 3343 disputandum,
358 3291 395 3327 an
411 3273 536 3330 Gabriel
553 3275 634 3344 haec,
653 3294 690 3332 au
709 3277 842 3350 Raphael
859 3280 932 3347 ista,
951 3288 1002 3335 aut
1019 3278 1156 3334 Michael

112 3365 168 3421 ista
187 3369 273 3421 dicat.
310 3367 401 3436 Scio,
429 3368 500 3439 quid
527 3367 651 3425 Gabriel
670 3372 763 3440 dicat,
791 3373 909 3429 scilicet
933 3374 1032 3428 omnia
1058 3371 1177 3441 bene,‘

110 3469 309 3531 preterquam
329 3459 381 3515 ubi
400 3461 438 3516 de
460 3463 572 3532 gratia,
596 3462 760 3533 charitate,
785 3480 853 3536 spe,
882 3465 960 3534 fide,
989 3466 1156 3522 virtutibus

111 3552 199 3609 dicit.
229 3552 281 3608 ubi
298 3571 368 3611 oum
381 3571 437 3612 suo
456 3557 564 3627 Scoto,
589 3568 733 3630 quantum
749 3560 924 3631 pelagisset,
950 3568 1093 3633 nonest,
1120 3567 1156 3616 ut

111 3662 167 3718 per
183 3647 286 3704 literae
304 3665 384 3706 nuuc
403 3651 565 3722 proferam.
1164 3644 1166 3648 ⁷

153 3947 189 4018 f)
209 3947 296 4002 tincti.
317 3949 407 4033 meent).
422 3956 469 3997 tau
489 3951 649 4005 ‘detullerint‘
666 3955 703 4001 ιιι
718 3953 817 4006 edunt
841 3957 903 4009 εἰει
918 3957 1013 4014 ιιιῶῐιιι
1027 3958 1113 4016 ptuit
1128 3970 1154 4014 ιιι

108 4031 238 4090 sentire.
255 4036 294 4096 ιιι
309 4036 371 4093 trito
385 4038 425 4086 ter
439 4037 478 4092 sto
493 4045 561 4089 anter
572 4030 614 4089 tin
630 4042 795 4100 runnnrtttdrn
809 4045 946 4100 urttltnm
959 4047 1142 4103 ιιιιιιιιιιιιιι.
