2574 4732
169 306 232 377 Λα)
653 306 743 373 1520.

170 469 315 539 lingentes
329 505 339 533 ,
372 482 440 537 qus
468 479 506 519 ne
535 464 664 534 cogitavi
692 457 835 536 unquam.
884 462 982 538 Quale
1008 471 1055 520 est
1081 462 1156 520 illud
1181 465 1222 522 de

171 573 299 631 utreque
317 559 418 629 specie
436 567 467 612 et
487 558 616 612 Romani
637 556 795 614 Pontificis
811 567 976 629 potestate:
988 558 1024 623 ,in
1046 571 1104 629 qun
1119 574 1175 626 re,
1195 559 1224 614 si

171 656 267 712 velint
292 653 380 708 fateri
405 668 527 717 verum,
558 652 613 722 ipsi
630 665 714 706 ¹rere
738 652 859 708 mecum
885 653 1033 720 sentiunt,
1061 661 1226 723 qnantum.

170 748 245 805 libet
264 747 408 804 simulent
430 747 616 802 dissensuros
640 745 670 801 it
692 746 774 818 quod
791 745 879 814 lecile
898 745 1063 816 intelliget,
1082 745 1133 817 qui
1152 760 1225 800 mea

171 843 288 912 legerit.

242 935 347 1011 Quare
363 952 419 1008 per
436 945 540 1003 tuam,
557 933 808 991 reverendissime
824 932 934 1002 Peter,
952 934 983 988 in
999 949 1105 988 omnes
1122 933 1226 990 bonas

170 1032 274 1088 literas
291 1031 486 1101 literatusque
504 1031 588 1085 viros
606 1027 790 1083 celebratum
809 1027 889 1082 illem
909 1036 940 1081 et
961 1027 1099 1082 omnibus
1118 1042 1226 1081 aman.

74 1147 76 1152 ⁴
171 1125 319 1182 tissimum
342 1123 556 1192 benignitatem
581 1121 757 1192 suppliciter
778 1136 857 1188 oro«,
876 1120 1014 1188 dignetur
1032 1121 1227 1177 reverendis.

172 1220 247 1276 sime
264 1217 300 1273 'e't
317 1217 516 1273 illustrissime
534 1215 712 1270 Dominatio
727 1222 778 1268 tua
795 1221 825 1268 et
841 1230 890 1268 me
905 1213 1104 1283 benigniore,
1128 1229 1226 1285 qnam

172 1313 213 1368 illi
233 1312 382 1366 delatores
398 1320 556 1382 nummati
584 1309 725 1382 opinione
749 1319 780 1363 et
798 1307 945 1398 nomine⁸
964 1324 1025 1362 non
1047 1317 1108 1362 tam
1127 1324 1224 1379 meo,

172 1422 262 1476 quem
287 1421 347 1460 sun
365 1405 457 1476 ipsius
479 1405 704 1474 multorumque
719 1402 856 1457 ullorum
875 1400 978 1457 salutis
996 1402 1127 1473 intuitu,
1156 1403 1224 1462 imo

174 1499 352 1555 Christiano
374 1499 509 1554 veritatis
528 1514 634 1566 causa,
662 1512 728 1568 quta
748 1510 810 1552 non
830 1505 932 1567 potest
948 1513 1010 1551 non
1029 1497 1142 1552 offendi
1151 1480 1165 1566 ⁵,
1197 1501 1224 1555 si

173 1595 273 1666 inique
293 1594 358 1649 sive
381 1593 531 1666 reprobet
547 1593 684 1657 auditus,
709 1591 775 1647 sive
793 1600 972 1647 contemnar
988 1591 1170 1659 erudiendus
1191 1602 1225 1650 et

172 1689 339 1746 auditurus.
878 1753 881 1757 ¹
1000 1690 1007 1699 '

240 1781 344 1838 Testis
360 1792 408 1838 est
424 1783 499 1840 mihi
509 1785 544 1840 in
563 1785 691 1840 animam
706 1799 805 1840 meam
820 1781 913 1839 «Iesus
929 1781 1068 1838 Christus
1083 1780 1224 1837 omnium

167 1877 283 1947 judex,
309 1891 358 1932 me
383 1894 445 1933 non
470 1894 537 1934 esse
561 1883 718 1937 conscium
745 1879 903 1946 docuisse,
927 1888 1036 1949 praeter
1056 1876 1108 1938 io,
1137 1878 1226 1947 quod

152 1970 329 2050 ,Christum
345 1980 376 2026 et
394 1971 454 2026 Dei
472 1982 621 2045 praecepta
640 1973 768 2029 relerrtz
788 1987 893 2030 rursus
912 1988 973 2027 non
988 1986 1055 2028 esse
1073 1979 1226 2042 temper.

172 2065 324 2132 tinncem,=
346 2065 428 2133 quin·
443 2066 531 2120 velim
552 2067 656 2120 doceri
681 2075 711 2120 et
737 2081 843 2122 errore
865 2067 987 2133 cognito
1005 2074 1129 2123 mutare
1151 2079 1230 2119 sen.¹
1271 2116 1279 2131 ‚

125 2174 134 2182 ·
172 2158 319 2212 tentiam,
348 2160 449 2226 Atque
467 2159 625 2213 utinamid
647 2159 737 2219 officii
758 2171 798 2212 ex
814 2158 1063 2213 reverendissima
1082 2157 1228 2214 Paterni.

171 2259 233 2304 tete
255 2258 304 2301 tua
330 2248 419 2305 liceat
448 2251 589 2320 experiri.
639 2249 700 2323 Qui
727 2250 806 2304 enim
836 2249 994 2320 hueusque
1014 2218 1089 2303 xeuru
1115 2252 1230 2308 multis

171 2340 333 2409 mendaciis
352 2341 436 2395 varie
457 2341 564 2412 petitus
584 2351 734 2396 ettamen
756 2347 862 2411 postea
887 2340 954 2394 luce
975 2340 1109 2394 veritatis
1131 2356 1231 2397 reve.

171 2436 228 2491 lata
247 2433 391 2488 innocens
410 2435 562 2490 inventus:
579 2439 679 2501 sogor
697 2433 860 2505 suspicari,
879 2444 910 2487 et
929 2449 983 2489 eos
1003 2420 1052 2505 gui
1070 2434 1170 2488 adhuc
1194 2448 1231 2492 et

172 2530 236 2585 aliis
255 2529 310 2583 viis
327 2545 376 2582 me
395 2538 520 2599 petunt,
545 2544 606 2583 non
624 2528 742 2582 sincere
762 2543 867 2596 agere,
893 2529 1059 2599 presertim
1077 2544 1147 2581 eum
1166 2546 1229 2587 nn.

172 2626 227 2680 lint
245 2624 357 2678 dooere
376 2634 511 2692 paratum
530 2623 652 2688 doceri,
670 2624 723 2676 sed
743 2632 857 2676 tantum
876 2622 1041 2676 criminari.
1137 2616 1140 2629 ¹
1224 2634 1230 2643 '

242 2718 329 2785 llaec‚
352 2717 601 2771 reverendissime
622 2714 713 2770 Pater
732 2716 980 2771 erzillustrissime
996 2716 1158 2789 Princeps,
1180 2721 1227 2774 vi.

173 2827 239 2870 sunt
265 2821 311 2867 est
338 2826 498 2880 suggerere
522 2803 896 2865 necessariumudversus
924 2810 988 2864 sive
1016 2812 1128 2877 malas,
1156 2815 1225 2871 sive

173 2906 437 2976 deceptasbonas
462 2916 596 2973 mentes,
623 2922 683 2976 quo
706 2904 860 2974 implerem
886 2913 918 2957 et
940 2921 1041 2958 meum
1070 2906 1224 2978 officinm,

173 3001 225 3071 qni
250 3016 298 3054 me
322 3009 439 3070 partem
457 3000 555 3067 gregis
575 2999 635 3067 tui,
663 3001 691 3053 in
711 2999 832 3069 dioecpsi
857 3007 908 3052 tut
926 3009 1028 3053 natum
1046 3001 1226 3056 educatum.

173 3109 231 3162 que
251 3108 397 3161 agnosco,
424 3109 461 3146 ne
484 3093 555 3163 qnid
572 3093 631 3147 mei
653 3093 760 3147 silentii
786 3090 873 3161 culpa
893 3093 1013 3159 gravius
1034 3093 1170 3165 increpet
1194 3097 1226 3151 in

172 3186 304 3239 animum
329 3185 452 3239 Domini
472 3187 529 3240 mei
551 3187 776 3254 gratiosissimi:
804 3202 869 3257 quae
888 3203 944 3258 pro
962 3201 1016 3240 sue
1033 3186 1139 3256 insigni
1160 3191 1227 3246 cle.

171 3279 436 3347 mentiagretiose
462 3289 491 3332 et
510 3282 658 3351 patienter
683 3281 756 3335 velit
774 3296 956 3349 agnoscere,
981 3292 1011 3335 et
1034 3297 1132 3335 meam
1154 3298 1226 3353 par.

172 3371 294 3424 vitatem
316 3373 510 3437 magnitudini
531 3390 592 3429 suae
617 3373 729 3428 hebere
751 3376 1011 3442 commendatam,
1039 3375 1068 3429 in
1096 3375 1228 3434 Christo

172 3463 248 3518 Jesu
267 3461 404 3517 Domino
432 3475 560 3533 nostro,
588 3469 638 3536 qui
658 3468 937 3521 reverendissimam
957 3469 1174 3525 Paternitatem
1195 3465 1230 3526 et

172 3556 403 3613 illustrissimam
430 3557 679 3615 nominationem
706 3573 786 3615 tuam
811 3573 894 3628 regat
922 3572 952 3617 st
979 3575 1082 3620 servet
1112 3565 1142 3620 in
1166 3580 1228 3620 sae

173 3651 258 3717 cula,
280 3654 386 3703 Amen.
640 3720 644 3732 Ι
1141 3636 1146 3651 “

213 3759 219 3775 ’
241 3743 472 3813 Wittembergae
491 3739 519 3799 l.
538 3745 704 3815 Februan,
724 3764 801 3802 anno
822 3748 961 3806 MDXX.

241 3839 317 3931 Tuas
334 3842 592 3898 reverendissime
608 3822 802 3899 Paternitatis
820 3844 1022 3903 deditissimus
1040 3847 1118 3905 lilius

881 3937 1033 3999 Martinus
1054 3941 1227 4003 Lasthenes.-
