<?xml version="1.0" encoding="UTF-8"?>
<!DOCTYPE html PUBLIC "-//W3C//DTD XHTML 1.0 Transitional//EN"
    "http://www.w3.org/TR/xhtml1/DTD/xhtml1-transitional.dtd">
<html xmlns="http://www.w3.org/1999/xhtml" xml:lang="en" lang="en">
 <head>
  <title>
</title>
<meta http-equiv="Content-Type" content="text/html;charset=utf-8" />
  <meta name='ocr-system' content='tesseract 3.04.00' />
  <meta name='ocr-capabilities' content='ocr_page ocr_carea ocr_par ocr_line ocrx_word'/>
</head>
<body>
  <div class='ocr_page' id='page_1' title='image "./briefesendschre04luthgoog_0172.png"; bbox 0 0 2574 4732; ppageno 0'>
   <div class='ocr_carea' id='block_1_1' title="bbox 597 352 1164 419">
    <p class='ocr_par' dir='ltr' id='par_1_1' title="bbox 597 352 1164 419">
     <span class='ocr_line' id='line_1_1' title="bbox 597 352 1164 419; baseline 0.002 -4"><span class='ocrx_word' id='word_1_1' title='bbox 597 352 698 419; x_wconf 82' lang='lat'><strong>1518.:</strong></span> <span class='ocrx_word' id='word_1_2' title='bbox 1103 352 1164 416; x_wconf 79' lang='lat' dir='ltr'><strong>t35</strong></span> 
     </span>
    </p>
   </div>
   <div class='ocr_carea' id='block_1_2' title="bbox 64 507 1219 3299">
    <p class='ocr_par' dir='ltr' id='par_1_2' title="bbox 77 507 1175 1988">
     <span class='ocr_line' id='line_1_2' title="bbox 122 507 1163 580; baseline -0.005 -12"><span class='ocrx_word' id='word_1_3' title='bbox 122 512 246 578; x_wconf 76' lang='lat' dir='ltr'><strong>sienem,</strong></span> <span class='ocrx_word' id='word_1_4' title='bbox 273 516 352 566; x_wconf 84' lang='lat' dir='ltr'><strong>lanta</strong></span> <span class='ocrx_word' id='word_1_5' title='bbox 371 508 464 580; x_wconf 84' lang='lat' dir='ltr'><strong>gratia</strong></span> <span class='ocrx_word' id='word_1_6' title='bbox 482 508 617 564; x_wconf 88' lang='lat' dir='ltr'><strong>omnium</strong></span> <span class='ocrx_word' id='word_1_7' title='bbox 635 518 665 563; x_wconf 86' lang='lat' dir='ltr'><strong>et</strong></span> <span class='ocrx_word' id='word_1_8' title='bbox 683 507 900 575; x_wconf 73' lang='lat' dir='ltr'><strong>admiratione,</strong></span> <span class='ocrx_word' id='word_1_9' title='bbox 926 514 959 563; x_wconf 87' lang='lat' dir='ltr'><strong>ut</strong></span> <span class='ocrx_word' id='word_1_10' title='bbox 971 507 1035 577; x_wconf 89' lang='lat' dir='ltr'><strong>jam</strong></span> <span class='ocrx_word' id='word_1_11' title='bbox 1053 524 1115 564; x_wconf 90' lang='lat' dir='ltr'><strong>non</strong></span> <span class='ocrx_word' id='word_1_12' title='bbox 1132 508 1163 564; x_wconf 90' lang='lat' dir='ltr'><strong>id</strong></span> 
     </span>
     <span class='ocr_line' id='line_1_3' title="bbox 119 601 1162 675; baseline -0.003 -15"><span class='ocrx_word' id='word_1_13' title='bbox 119 605 177 660; x_wconf 89' lang='lat' dir='ltr'><strong>tibi</strong></span> <span class='ocrx_word' id='word_1_14' title='bbox 200 604 391 674; x_wconf 85' lang='lat' dir='ltr'><strong>cogitandum</strong></span> <span class='ocrx_word' id='word_1_15' title='bbox 417 603 476 671; x_wconf 87' lang='lat' dir='ltr'><strong>sit,</strong></span> <span class='ocrx_word' id='word_1_16' title='bbox 502 618 560 675; x_wconf 81' lang='lat' dir='ltr'><strong>qua</strong></span> <span class='ocrx_word' id='word_1_17' title='bbox 584 603 701 657; x_wconf 82' lang='lat' dir='ltr'><strong>ratione</strong></span> <span class='ocrx_word' id='word_1_18' title='bbox 735 601 822 656; x_wconf 87' lang='lat' dir='ltr'><strong>nobis</strong></span> <span class='ocrx_word' id='word_1_19' title='bbox 853 616 922 655; x_wconf 91' lang='lat' dir='ltr'><strong>eum</strong></span> <span class='ocrx_word' id='word_1_20' title='bbox 951 603 1162 657; x_wconf 86' lang='lat' dir='ltr'><strong>commendes:</strong></span> 
     </span>
     <span class='ocr_line' id='line_1_4' title="bbox 121 696 1164 768; baseline 0 -16"><span class='ocrx_word' id='word_1_21' title='bbox 121 697 326 755; x_wconf 68' lang='lat' dir='ltr'>abstraximus</span> <span class='ocrx_word' id='word_1_22' title='bbox 344 697 407 752; x_wconf 88' lang='lat' dir='ltr'><strong>cito</strong></span> <span class='ocrx_word' id='word_1_23' title='bbox 425 696 597 768; x_wconf 84' lang='lat' dir='ltr'><strong>opinionem</strong></span> <span class='ocrx_word' id='word_1_24' title='bbox 616 705 646 751; x_wconf 88' lang='lat' dir='ltr'><strong>et</strong></span> <span class='ocrx_word' id='word_1_25' title='bbox 664 696 810 751; x_wconf 85' lang='lat' dir='ltr'><strong>visionem</strong></span> <span class='ocrx_word' id='word_1_26' title='bbox 827 702 947 750; x_wconf 84' lang='lat' dir='ltr'><strong>staturae</strong></span> <span class='ocrx_word' id='word_1_27' title='bbox 965 704 996 752; x_wconf 91' lang='lat' dir='ltr'><strong>et</strong></span> <span class='ocrx_word' id='word_1_28' title='bbox 1012 711 1164 767; x_wconf 84' lang='lat' dir='ltr'><strong>personas,</strong></span> 
     </span>
     <span class='ocr_line' id='line_1_5' title="bbox 77 780 1164 863; baseline -0.004 -14"><span class='ocrx_word' id='word_1_29' title='bbox 77 780 79 784; x_wconf 6' lang='grc' dir='ltr'>ἱ</span> <span class='ocrx_word' id='word_1_30' title='bbox 121 802 154 849; x_wconf 90' lang='lat' dir='ltr'><strong>et</strong></span> <span class='ocrx_word' id='word_1_31' title='bbox 184 808 248 847; x_wconf 87' lang='lat' dir='ltr'><strong>rem</strong></span> <span class='ocrx_word' id='word_1_32' title='bbox 272 792 367 863; x_wconf 90' lang='lat' dir='ltr'><strong>ipsam</strong></span> <span class='ocrx_word' id='word_1_33' title='bbox 396 792 426 846; x_wconf 88' lang='lat' dir='ltr'><strong>in</strong></span> <span class='ocrx_word' id='word_1_34' title='bbox 449 808 486 846; x_wconf 89' lang='lat' dir='ltr'><strong>eo</strong></span> <span class='ocrx_word' id='word_1_35' title='bbox 506 801 536 847; x_wconf 88' lang='lat' dir='ltr'><strong>et</strong></span> <span class='ocrx_word' id='word_1_36' title='bbox 553 791 737 861; x_wconf 76' lang='lat' dir='ltr'><strong>gratulamur</strong></span> <span class='ocrx_word' id='word_1_37' title='bbox 754 799 785 844; x_wconf 90' lang='lat' dir='ltr'><strong>et</strong></span> <span class='ocrx_word' id='word_1_38' title='bbox 806 789 968 858; x_wconf 83' lang='lat' dir='ltr'><strong>miramur,</strong></span> <span class='ocrx_word' id='word_1_39' title='bbox 995 790 1164 862; x_wconf 82' lang='lat' dir='ltr'><strong>gratiasque</strong></span> 
     </span>
     <span class='ocr_line' id='line_1_6' title="bbox 120 881 1164 956; baseline -0.002 -14"><span class='ocrx_word' id='word_1_40' title='bbox 120 885 324 942; x_wconf 84' lang='lat' dir='ltr'><strong>illustrissimo</strong></span> <span class='ocrx_word' id='word_1_41' title='bbox 342 884 492 956; x_wconf 90' lang='lat' dir='ltr'><strong>Principi,</strong></span> <span class='ocrx_word' id='word_1_42' title='bbox 518 891 572 940; x_wconf 91' lang='lat' dir='ltr'><strong>tuo</strong></span> <span class='ocrx_word' id='word_1_43' title='bbox 590 899 712 955; x_wconf 89' lang='lat' dir='ltr'><strong>quoque</strong></span> <span class='ocrx_word' id='word_1_44' title='bbox 730 881 829 938; x_wconf 90' lang='lat' dir='ltr'><strong>officio</strong></span> <span class='ocrx_word' id='word_1_45' title='bbox 848 882 981 953; x_wconf 80' lang='lat' dir='ltr'><strong>egimus:</strong></span> <span class='ocrx_word' id='word_1_46' title='bbox 1011 898 1116 938; x_wconf 86' lang='lat' dir='ltr'><strong>verum</strong></span> <span class='ocrx_word' id='word_1_47' title='bbox 1132 884 1164 940; x_wconf 85' lang='lat' dir='ltr'><strong>id</strong></span> 
     </span>
     <span class='ocr_line' id='line_1_7' title="bbox 120 975 1162 1051; baseline -0.005 -14"><span class='ocrx_word' id='word_1_48' title='bbox 120 980 223 1051; x_wconf 83' lang='lat' dir='ltr'><strong>potius</strong></span> <span class='ocrx_word' id='word_1_49' title='bbox 248 980 413 1035; x_wconf 86' lang='lat' dir='ltr'><strong>curandum</strong></span> <span class='ocrx_word' id='word_1_50' title='bbox 441 988 504 1037; x_wconf 77' lang='lat' dir='ltr'><strong>est,</strong></span> <span class='ocrx_word' id='word_1_51' title='bbox 535 992 665 1050; x_wconf 81' lang='lat' dir='ltr'><strong>quonam</strong></span> <span class='ocrx_word' id='word_1_52' title='bbox 691 977 793 1033; x_wconf 88' lang='lat' dir='ltr'><strong>studio</strong></span> <span class='ocrx_word' id='word_1_53' title='bbox 817 977 927 1032; x_wconf 79' lang='lat' dir='ltr'><strong>reddes</strong></span> <span class='ocrx_word' id='word_1_54' title='bbox 945 989 1014 1030; x_wconf 90' lang='lat' dir='ltr'><strong>eum</strong></span> <span class='ocrx_word' id='word_1_55' title='bbox 1030 975 1162 1050; x_wconf 89' lang='lat' dir='ltr'><strong>Principi</strong></span> 
     </span>
     <span class='ocr_line' id='line_1_8' title="bbox 119 1070 1166 1143; baseline -0.003 -14"><span class='ocrx_word' id='word_1_56' title='bbox 119 1084 230 1129; x_wconf 88' lang='lat' dir='ltr'><strong>nostro</strong></span> <span class='ocrx_word' id='word_1_57' title='bbox 253 1071 591 1129; x_wconf 77' lang='lat' dir='ltr'><strong>commendatissimum.</strong></span> <span class='ocrx_word' id='word_1_58' title='bbox 625 1070 692 1142; x_wconf 88' lang='lat' dir='ltr'><strong>Ego</strong></span> <span class='ocrx_word' id='word_1_59' title='bbox 718 1072 804 1143; x_wconf 77' lang='lat' dir='ltr'><strong>plene</strong></span> <span class='ocrx_word' id='word_1_60' title='bbox 830 1070 972 1127; x_wconf 84' lang='lat' dir='ltr'><strong>Graecum</strong></span> <span class='ocrx_word' id='word_1_61' title='bbox 999 1079 1166 1141; x_wconf 88' lang='lat' dir='ltr'><strong>praecepto.</strong></span> 
     </span>
     <span class='ocr_line' id='line_1_9' title="bbox 121 1164 1165 1236; baseline -0.004 -13"><span class='ocrx_word' id='word_1_62' title='bbox 121 1183 207 1236; x_wconf 84' lang='lat' dir='ltr'><strong>rem,</strong></span> <span class='ocrx_word' id='word_1_63' title='bbox 225 1167 275 1223; x_wconf 91' lang='lat' dir='ltr'><strong>illc</strong></span> <span class='ocrx_word' id='word_1_64' title='bbox 294 1167 398 1234; x_wconf 81' lang='lat' dir='ltr'><strong>selvo,</strong></span> <span class='ocrx_word' id='word_1_65' title='bbox 416 1166 506 1222; x_wconf 86' lang='lat' dir='ltr'><strong>elium</strong></span> <span class='ocrx_word' id='word_1_66' title='bbox 523 1182 584 1220; x_wconf 93' lang='lat' dir='ltr'><strong>non</strong></span> <span class='ocrx_word' id='word_1_67' title='bbox 604 1165 754 1221; x_wconf 87' lang='lat' dir='ltr'><strong>desidero.</strong></span> <span class='ocrx_word' id='word_1_68' title='bbox 780 1164 879 1220; x_wconf 90' lang='lat' dir='ltr'><strong>Unum</strong></span> <span class='ocrx_word' id='word_1_69' title='bbox 897 1165 1008 1227; x_wconf 78' lang='lat' dir='ltr'><strong>timeo.</strong></span> <span class='ocrx_word' id='word_1_70' title='bbox 1028 1179 1065 1217; x_wconf 91' lang='lat' dir='ltr'><strong>ne</strong></span> <span class='ocrx_word' id='word_1_71' title='bbox 1084 1164 1165 1219; x_wconf 83' lang='lat' dir='ltr'><strong>forte</strong></span> 
     </span>
     <span class='ocr_line' id='line_1_10' title="bbox 121 1256 1165 1330; baseline -0.008 -12"><span class='ocrx_word' id='word_1_72' title='bbox 121 1263 236 1318; x_wconf 82' lang='lat' dir='ltr'><strong>rictum</strong></span> <span class='ocrx_word' id='word_1_73' title='bbox 259 1269 370 1317; x_wconf 76' lang='lat' dir='ltr'><strong>nostras</strong></span> <span class='ocrx_word' id='word_1_74' title='bbox 394 1259 525 1330; x_wconf 74' lang='lat' dir='ltr'><strong>regionis</strong></span> <span class='ocrx_word' id='word_1_75' title='bbox 548 1275 608 1314; x_wconf 91' lang='lat' dir='ltr'><strong>non</strong></span> <span class='ocrx_word' id='word_1_76' title='bbox 627 1260 698 1315; x_wconf 82' lang='lat' dir='ltr'><strong>satis</strong></span> <span class='ocrx_word' id='word_1_77' title='bbox 715 1258 793 1314; x_wconf 81' lang='lat' dir='ltr'><strong>terat</strong></span> <span class='ocrx_word' id='word_1_78' title='bbox 810 1257 979 1313; x_wconf 83' lang='lat' dir='ltr'><strong>tenerimdc</strong></span> <span class='ocrx_word' id='word_1_79' title='bbox 999 1256 1082 1328; x_wconf 83' lang='lat' dir='ltr'><strong>ejus:</strong></span> <span class='ocrx_word' id='word_1_80' title='bbox 1113 1257 1165 1312; x_wconf 90' lang='lat' dir='ltr'><strong>de.</strong></span> 
     </span>
     <span class='ocr_line' id='line_1_11' title="bbox 122 1350 1163 1426; baseline -0.007 -15"><span class='ocrx_word' id='word_1_81' title='bbox 122 1355 206 1419; x_wconf 88' lang='lat' dir='ltr'><strong>inde,</strong></span> <span class='ocrx_word' id='word_1_82' title='bbox 227 1355 307 1426; x_wconf 84' lang='lat' dir='ltr'><strong>quod</strong></span> <span class='ocrx_word' id='word_1_83' title='bbox 326 1353 435 1422; x_wconf 87' lang='lat' dir='ltr'><strong>audio,</strong></span> <span class='ocrx_word' id='word_1_84' title='bbox 452 1353 576 1409; x_wconf 89' lang='lat' dir='ltr'><strong>nimium</strong></span> <span class='ocrx_word' id='word_1_85' title='bbox 593 1368 685 1424; x_wconf 89' lang='lat' dir='ltr'><strong>parco</strong></span> <span class='ocrx_word' id='word_1_86' title='bbox 703 1350 850 1424; x_wconf 89' lang='lat' dir='ltr'><strong>stipendio</strong></span> <span class='ocrx_word' id='word_1_87' title='bbox 868 1367 937 1406; x_wconf 91' lang='lat' dir='ltr'><strong>eum</strong></span> <span class='ocrx_word' id='word_1_88' title='bbox 956 1351 1163 1420; x_wconf 89' lang='lat' dir='ltr'><strong>conductum,</strong></span> 
     </span>
     <span class='ocr_line' id='line_1_12' title="bbox 123 1443 1163 1520; baseline -0.005 -17"><span class='ocrx_word' id='word_1_89' title='bbox 123 1449 197 1505; x_wconf 87' lang='lat' dir='ltr'><strong>adeo</strong></span> <span class='ocrx_word' id='word_1_90' title='bbox 226 1456 261 1503; x_wconf 85' lang='lat' dir='ltr'><strong>ut</strong></span> <span class='ocrx_word' id='word_1_91' title='bbox 285 1446 480 1520; x_wconf 87' lang='lat' dir='ltr'><strong>Lipsensibus</strong></span> <span class='ocrx_word' id='word_1_92' title='bbox 502 1447 565 1518; x_wconf 89' lang='lat' dir='ltr'><strong>jam</strong></span> <span class='ocrx_word' id='word_1_93' title='bbox 592 1445 793 1515; x_wconf 79' lang='lat' dir='ltr'><strong>gloriabundis</strong></span> <span class='ocrx_word' id='word_1_94' title='bbox 822 1460 890 1516; x_wconf 84' lang='lat' dir='ltr'><strong>spes</strong></span> <span class='ocrx_word' id='word_1_95' title='bbox 921 1443 982 1511; x_wconf 89' lang='lat' dir='ltr'><strong>sit,</strong></span> <span class='ocrx_word' id='word_1_96' title='bbox 1015 1444 1100 1511; x_wconf 83' lang='lat' dir='ltr'><strong>iore,</strong></span> <span class='ocrx_word' id='word_1_97' title='bbox 1128 1451 1163 1498; x_wconf 90' lang='lat' dir='ltr'><strong>ut</strong></span> 
     </span>
     <span class='ocr_line' id='line_1_13' title="bbox 122 1538 1164 1614; baseline -0.001 -19"><span class='ocrx_word' id='word_1_98' title='bbox 122 1541 210 1598; x_wconf 87' lang='lat' dir='ltr'><strong>nobis</strong></span> <span class='ocrx_word' id='word_1_99' title='bbox 230 1558 299 1597; x_wconf 90' lang='lat' dir='ltr'><strong>eum</strong></span> <span class='ocrx_word' id='word_1_100' title='bbox 317 1541 495 1614; x_wconf 81' lang='lat' dir='ltr'><strong>quantocius</strong></span> <span class='ocrx_word' id='word_1_101' title='bbox 513 1543 657 1598; x_wconf 84' lang='lat' dir='ltr'><strong>auferant.</strong></span> <span class='ocrx_word' id='word_1_102' title='bbox 700 1538 780 1594; x_wconf 88' lang='lat' dir='ltr'><strong>Nam</strong></span> <span class='ocrx_word' id='word_1_103' title='bbox 798 1547 829 1594; x_wconf 87' lang='lat' dir='ltr'><strong>et</strong></span> <span class='ocrx_word' id='word_1_104' title='bbox 846 1539 1012 1594; x_wconf 87' lang='lat' dir='ltr'><strong>solicitatus</strong></span> <span class='ocrx_word' id='word_1_105' title='bbox 1025 1539 1089 1608; x_wconf 81' lang='lat' dir='ltr'><strong>jam</strong></span> <span class='ocrx_word' id='word_1_106' title='bbox 1107 1538 1164 1594; x_wconf 81' lang='lat' dir='ltr'><strong>tuit</strong></span> 
     </span>
     <span class='ocr_line' id='line_1_14' title="bbox 123 1630 1175 1707; baseline -0.004 -17"><span class='ocrx_word' id='word_1_107' title='bbox 123 1633 159 1691; x_wconf 87' lang='lat' dir='ltr'><strong>sb</strong></span> <span class='ocrx_word' id='word_1_108' title='bbox 177 1635 240 1705; x_wconf 81' lang='lat' dir='ltr'><strong>eis,</strong></span> <span class='ocrx_word' id='word_1_109' title='bbox 269 1643 428 1707; x_wconf 81' lang='lat' dir='ltr'><strong>antequem</strong></span> <span class='ocrx_word' id='word_1_110' title='bbox 446 1635 482 1690; x_wconf 88' lang='lat' dir='ltr'><strong>sd</strong></span> <span class='ocrx_word' id='word_1_111' title='bbox 500 1651 556 1692; x_wconf 90' lang='lat' dir='ltr'><strong>uos</strong></span> <span class='ocrx_word' id='word_1_112' title='bbox 574 1631 757 1707; x_wconf 88' lang='lat' dir='ltr'><strong>perveniret.</strong></span> <span class='ocrx_word' id='word_1_113' title='bbox 777 1634 780 1639; x_wconf 84' lang='grc'><strong>’</strong></span> <span class='ocrx_word' id='word_1_114' title='bbox 796 1630 932 1701; x_wconf 86' lang='lat' dir='ltr'><strong>Suspicio</strong></span> <span class='ocrx_word' id='word_1_115' title='bbox 951 1630 1023 1686; x_wconf 89' lang='lat' dir='ltr'><strong>mihi</strong></span> <span class='ocrx_word' id='word_1_116' title='bbox 1042 1638 1106 1699; x_wconf 89' lang='lat' dir='ltr'><strong>est,</strong></span> <span class='ocrx_word' id='word_1_117' title='bbox 1133 1639 1175 1695; x_wconf 69' lang='lat' dir='ltr'><strong>et,</strong></span> 
     </span>
     <span class='ocr_line' id='line_1_15' title="bbox 122 1714 1163 1797; baseline -0.006 -12"><span class='ocrx_word' id='word_1_118' title='bbox 122 1714 224 1786; x_wconf 78' lang='lat' dir='ltr'><strong>multis</strong></span> <span class='ocrx_word' id='word_1_119' title='bbox 241 1717 306 1786; x_wconf 83' lang='lat' dir='ltr'><strong>eliis</strong></span> <span class='ocrx_word' id='word_1_120' title='bbox 322 1744 464 1797; x_wconf 87' lang='lat' dir='ltr'><strong>mecum,</strong></span> <span class='ocrx_word' id='word_1_121' title='bbox 489 1728 532 1785; x_wconf 90' lang='lat' dir='ltr'><strong>D.</strong></span> <span class='ocrx_word' id='word_1_122' title='bbox 549 1727 760 1796; x_wconf 81' lang='lat' dir='ltr'><strong>Piellingerum</strong></span> <span class='ocrx_word' id='word_1_123' title='bbox 778 1740 834 1795; x_wconf 91' lang='lat' dir='ltr'><strong>pro</strong></span> <span class='ocrx_word' id='word_1_124' title='bbox 856 1739 942 1778; x_wconf 89' lang='lat' dir='ltr'><strong>more</strong></span> <span class='ocrx_word' id='word_1_125' title='bbox 968 1739 1046 1791; x_wconf 91' lang='lat' dir='ltr'><strong>suo,</strong></span> <span class='ocrx_word' id='word_1_126' title='bbox 1073 1722 1163 1779; x_wconf 85' lang='lat' dir='ltr'><strong>etiam</strong></span> 
     </span>
     <span class='ocr_line' id='line_1_16' title="bbox 123 1816 1163 1899; baseline -0.003 -22"><span class='ocrx_word' id='word_1_127' title='bbox 123 1820 150 1877; x_wconf 92' lang='lat' dir='ltr'><strong>in</strong></span> <span class='ocrx_word' id='word_1_128' title='bbox 175 1824 233 1878; x_wconf 81' lang='lat' dir='ltr'><strong>hac</strong></span> <span class='ocrx_word' id='word_1_129' title='bbox 260 1838 364 1892; x_wconf 84' lang='lat' dir='ltr'><strong>causa,</strong></span> <span class='ocrx_word' id='word_1_130' title='bbox 392 1822 518 1878; x_wconf 89' lang='lat' dir='ltr'><strong>nimium</strong></span> <span class='ocrx_word' id='word_1_131' title='bbox 541 1819 672 1877; x_wconf 86' lang='lat' dir='ltr'><strong>voluisse</strong></span> <span class='ocrx_word' id='word_1_132' title='bbox 700 1817 849 1899; x_wconf 85' lang='lat' dir='ltr'><strong>Principis</strong></span> <span class='ocrx_word' id='word_1_133' title='bbox 869 1818 1020 1891; x_wconf 90' lang='lat' dir='ltr'><strong>marsupio</strong></span> <span class='ocrx_word' id='word_1_134' title='bbox 1044 1816 1163 1874; x_wconf 89' lang='lat' dir='ltr'><strong>lidelem</strong></span> 
     </span>
     <span class='ocr_line' id='line_1_17' title="bbox 122 1898 556 1988; baseline -0.014 -16"><span class='ocrx_word' id='word_1_135' title='bbox 122 1916 360 1988; x_wconf 70' lang='lat' dir='ltr'><strong>dispensatorem</strong></span> <span class='ocrx_word' id='word_1_136' title='bbox 378 1922 530 1986; x_wconf 82' lang='lat' dir='ltr'><strong>praestare.</strong></span> <span class='ocrx_word' id='word_1_137' title='bbox 552 1898 556 1906; x_wconf 44' lang='lat'><strong>⁴</strong></span> 
     </span>
    </p>

    <p class='ocr_par' dir='ltr' id='par_1_3' title="bbox 64 2005 1162 2454">
     <span class='ocr_line' id='line_1_18' title="bbox 189 2005 1162 2080; baseline 0.001 -17"><span class='ocrx_word' id='word_1_138' title='bbox 189 2008 315 2079; x_wconf 83' lang='lat' dir='ltr'><strong>Itaque,</strong></span> <span class='ocrx_word' id='word_1_139' title='bbox 332 2007 373 2062; x_wconf 89' lang='lat' dir='ltr'><strong>mi</strong></span> <span class='ocrx_word' id='word_1_140' title='bbox 391 2008 554 2080; x_wconf 85' lang='lat' dir='ltr'><strong>Spalatine,</strong></span> <span class='ocrx_word' id='word_1_141' title='bbox 572 2015 606 2062; x_wconf 89' lang='lat' dir='ltr'><strong>ut</strong></span> <span class='ocrx_word' id='word_1_142' title='bbox 622 2006 732 2074; x_wconf 87' lang='lat' dir='ltr'><strong>libere,</strong></span> <span class='ocrx_word' id='word_1_143' title='bbox 756 2005 785 2062; x_wconf 93' lang='lat' dir='ltr'><strong>id</strong></span> <span class='ocrx_word' id='word_1_144' title='bbox 805 2012 867 2076; x_wconf 82' lang='lat' dir='ltr'><strong>est,</strong></span> <span class='ocrx_word' id='word_1_145' title='bbox 893 2021 964 2064; x_wconf 88' lang='lat' dir='ltr'><strong>cum</strong></span> <span class='ocrx_word' id='word_1_146' title='bbox 982 2007 1162 2065; x_wconf 89' lang='lat' dir='ltr'><strong>amicissimo</strong></span> 
     </span>
     <span class='ocr_line' id='line_1_19' title="bbox 64 2084 1160 2173; baseline 0.001 -16"><span class='ocrx_word' id='word_1_147' title='bbox 64 2116 67 2135; x_wconf 83' lang='lat'><strong>¹</strong></span> <span class='ocrx_word' id='word_1_148' title='bbox 121 2101 231 2173; x_wconf 82' lang='lat' dir='ltr'><strong>loquer</strong></span> <span class='ocrx_word' id='word_1_149' title='bbox 237 2140 248 2171; x_wconf 94' lang='lat'><strong>,</strong></span> <span class='ocrx_word' id='word_1_150' title='bbox 265 2117 322 2156; x_wconf 86' lang='lat' dir='ltr'><strong>ros</strong></span> <span class='ocrx_word' id='word_1_151' title='bbox 340 2101 457 2170; x_wconf 77' lang='lat' dir='ltr'><strong>videte,</strong></span> <span class='ocrx_word' id='word_1_152' title='bbox 474 2117 511 2157; x_wconf 88' lang='lat' dir='ltr'><strong>ne</strong></span> <span class='ocrx_word' id='word_1_153' title='bbox 524 2084 682 2172; x_wconf 82' lang='lat' dir='ltr'><strong>personam</strong></span> <span class='ocrx_word' id='word_1_154' title='bbox 697 2111 728 2157; x_wconf 88' lang='lat' dir='ltr'><strong>et</strong></span> <span class='ocrx_word' id='word_1_155' title='bbox 739 2109 855 2156; x_wconf 75' lang='lat' dir='ltr'><strong>atatem</strong></span> <span class='ocrx_word' id='word_1_156' title='bbox 867 2100 931 2171; x_wconf 87' lang='lat' dir='ltr'><strong>ejus</strong></span> <span class='ocrx_word' id='word_1_157' title='bbox 943 2102 1160 2158; x_wconf 85' lang='lat' dir='ltr'><strong>contemnatis:</strong></span> 
     </span>
     <span class='ocr_line' id='line_1_20' title="bbox 119 2192 1162 2263; baseline -0.001 -14"><span class='ocrx_word' id='word_1_158' title='bbox 119 2193 217 2251; x_wconf 90' lang='lat' dir='ltr'><strong>homo</strong></span> <span class='ocrx_word' id='word_1_159' title='bbox 234 2195 339 2263; x_wconf 87' lang='lat' dir='ltr'><strong>dignus</strong></span> <span class='ocrx_word' id='word_1_160' title='bbox 358 2204 405 2251; x_wconf 79' lang='lat' dir='ltr'><strong>ess</strong></span> <span class='ocrx_word' id='word_1_161' title='bbox 422 2194 503 2251; x_wconf 91' lang='lat' dir='ltr'><strong>omni</strong></span> <span class='ocrx_word' id='word_1_162' title='bbox 517 2194 646 2251; x_wconf 88' lang='lat' dir='ltr'><strong>honore.</strong></span> <span class='ocrx_word' id='word_1_163' title='bbox 681 2192 804 2251; x_wconf 89' lang='lat' dir='ltr'><strong>Nollem</strong></span> <span class='ocrx_word' id='word_1_164' title='bbox 819 2193 897 2249; x_wconf 88' lang='lat' dir='ltr'><strong>enim</strong></span> <span class='ocrx_word' id='word_1_165' title='bbox 916 2209 973 2251; x_wconf 91' lang='lat' dir='ltr'><strong>nos</strong></span> <span class='ocrx_word' id='word_1_166' title='bbox 989 2205 1021 2251; x_wconf 86' lang='lat' dir='ltr'><strong>et</strong></span> <span class='ocrx_word' id='word_1_167' title='bbox 1036 2193 1162 2250; x_wconf 81' lang='lat' dir='ltr'><strong>Univer-</strong></span> 
     </span>
     <span class='ocr_line' id='line_1_21' title="bbox 121 2272 1161 2359; baseline 0.002 -17"><span class='ocrx_word' id='word_1_168' title='bbox 121 2287 237 2343; x_wconf 88' lang='lat' dir='ltr'><strong>sitstem</strong></span> <span class='ocrx_word' id='word_1_169' title='bbox 255 2272 390 2343; x_wconf 72' lang='lat' dir='ltr'><strong>nostrum</strong></span> <span class='ocrx_word' id='word_1_170' title='bbox 407 2287 582 2344; x_wconf 75' lang='lat' dir='ltr'><strong>rusticitatis</strong></span> <span class='ocrx_word' id='word_1_171' title='bbox 600 2289 714 2357; x_wconf 87' lang='lat' dir='ltr'><strong>insigne</strong></span> <span class='ocrx_word' id='word_1_172' title='bbox 739 2288 916 2347; x_wconf 75' lang='lat' dir='ltr'><strong>admittere,</strong></span> <span class='ocrx_word' id='word_1_173' title='bbox 945 2303 1006 2359; x_wconf 86' lang='lat' dir='ltr'><strong>quo</strong></span> <span class='ocrx_word' id='word_1_174' title='bbox 1030 2287 1161 2344; x_wconf 79' lang='lat' dir='ltr'><strong>fabulam</strong></span> 
     </span>
     <span class='ocr_line' id='line_1_22' title="bbox 123 2381 875 2454; baseline 0.005 -20"><span class='ocrx_word' id='word_1_175' title='bbox 123 2395 159 2436; x_wconf 86' lang='lat' dir='ltr'><strong>ex</strong></span> <span class='ocrx_word' id='word_1_176' title='bbox 176 2381 265 2438; x_wconf 91' lang='lat' dir='ltr'><strong>nobis</strong></span> <span class='ocrx_word' id='word_1_177' title='bbox 283 2382 379 2437; x_wconf 81' lang='lat' dir='ltr'><strong>aemuli</strong></span> <span class='ocrx_word' id='word_1_178' title='bbox 397 2381 613 2453; x_wconf 87' lang='lat' dir='ltr'><strong>speciosiorem</strong></span> <span class='ocrx_word' id='word_1_179' title='bbox 631 2382 731 2438; x_wconf 83' lang='lat' dir='ltr'><strong>facere</strong></span> <span class='ocrx_word' id='word_1_180' title='bbox 748 2383 875 2454; x_wconf 87' lang='lat' dir='ltr'><strong>possint.</strong></span> 
     </span>
    </p>

    <p class='ocr_par' dir='ltr' id='par_1_4' title="bbox 117 2475 1219 3201">
     <span class='ocr_line' id='line_1_23' title="bbox 186 2475 1161 2547; baseline 0.002 -15"><span class='ocrx_word' id='word_1_181' title='bbox 186 2475 281 2532; x_wconf 89' lang='lat' dir='ltr'><strong>Mitto</strong></span> <span class='ocrx_word' id='word_1_182' title='bbox 299 2493 391 2546; x_wconf 84' lang='lat' dir='ltr'><strong>nugas</strong></span> <span class='ocrx_word' id='word_1_183' title='bbox 408 2492 490 2533; x_wconf 83' lang='lat' dir='ltr'><strong>mess</strong></span> <span class='ocrx_word' id='word_1_184' title='bbox 508 2477 720 2547; x_wconf 82' lang='lat' dir='ltr'><strong>nugacissimas</strong></span> <span class='ocrx_word' id='word_1_185' title='bbox 738 2485 769 2530; x_wconf 90' lang='lat' dir='ltr'><strong>et</strong></span> <span class='ocrx_word' id='word_1_186' title='bbox 787 2476 1161 2546; x_wconf 67' lang='lat' dir='ltr'><strong>extemporalissimasnd·</strong></span> 
     </span>
     <span class='ocr_line' id='line_1_24' title="bbox 121 2568 1176 2641; baseline 0 -16"><span class='ocrx_word' id='word_1_187' title='bbox 121 2586 224 2626; x_wconf 86' lang='lat' dir='ltr'><strong>versus</strong></span> <span class='ocrx_word' id='word_1_188' title='bbox 239 2570 424 2630; x_wconf 73' lang='lat' dir='ltr'><strong>silvestrum,</strong></span> <span class='ocrx_word' id='word_1_189' title='bbox 445 2587 516 2626; x_wconf 87' lang='lat' dir='ltr'><strong>vere</strong></span> <span class='ocrx_word' id='word_1_190' title='bbox 535 2572 704 2627; x_wconf 86' lang='lat' dir='ltr'><strong>silvestrem</strong></span> <span class='ocrx_word' id='word_1_191' title='bbox 722 2578 753 2624; x_wconf 90' lang='lat' dir='ltr'><strong>et</strong></span> <span class='ocrx_word' id='word_1_192' title='bbox 772 2576 972 2641; x_wconf 85' lang='lat' dir='ltr'><strong>campestrem</strong></span> <span class='ocrx_word' id='word_1_193' title='bbox 993 2568 1176 2640; x_wconf 73' lang='lat' dir='ltr'><strong>sophistem.</strong></span> 
     </span>
     <span class='ocr_line' id='line_1_25' title="bbox 120 2662 1161 2735; baseline -0.001 -16"><span class='ocrx_word' id='word_1_194' title='bbox 120 2679 243 2731; x_wconf 89' lang='lat' dir='ltr'><strong>meum,</strong></span> <span class='ocrx_word' id='word_1_195' title='bbox 269 2663 362 2720; x_wconf 91' lang='lat' dir='ltr'><strong>biduo</strong></span> <span class='ocrx_word' id='word_1_196' title='bbox 390 2664 509 2720; x_wconf 84' lang='lat' dir='ltr'><strong>effusas.</strong></span> <span class='ocrx_word' id='word_1_197' title='bbox 548 2663 656 2735; x_wconf 85' lang='lat' dir='ltr'><strong>Neque</strong></span> <span class='ocrx_word' id='word_1_198' title='bbox 676 2663 762 2717; x_wconf 85' lang='lat' dir='ltr'><strong>enim·</strong></span> <span class='ocrx_word' id='word_1_199' title='bbox 779 2663 884 2732; x_wconf 78' lang='lat' dir='ltr'><strong>dignus</strong></span> <span class='ocrx_word' id='word_1_200' title='bbox 903 2662 975 2721; x_wconf 87' lang='lat' dir='ltr'><strong>mihi</strong></span> <span class='ocrx_word' id='word_1_201' title='bbox 995 2662 1077 2728; x_wconf 81' lang='lat' dir='ltr'><strong>visus</strong></span> <span class='ocrx_word' id='word_1_202' title='bbox 1095 2672 1161 2732; x_wconf 91' lang='lat' dir='ltr'><strong>est,</strong></span> 
     </span>
     <span class='ocr_line' id='line_1_26' title="bbox 119 2756 1160 2830; baseline -0.003 -17"><span class='ocrx_word' id='word_1_203' title='bbox 119 2769 243 2830; x_wconf 87' lang='lat' dir='ltr'><strong>propter</strong></span> <span class='ocrx_word' id='word_1_204' title='bbox 262 2773 351 2829; x_wconf 88' lang='lat' dir='ltr'><strong>quem</strong></span> <span class='ocrx_word' id='word_1_205' title='bbox 370 2773 481 2813; x_wconf 87' lang='lat' dir='ltr'><strong>nervos</strong></span> <span class='ocrx_word' id='word_1_206' title='bbox 501 2758 609 2825; x_wconf 84' lang='lat' dir='ltr'><strong>ingenii</strong></span> <span class='ocrx_word' id='word_1_207' title='bbox 634 2765 664 2814; x_wconf 84' lang='lat' dir='ltr'><strong>et</strong></span> <span class='ocrx_word' id='word_1_208' title='bbox 681 2756 770 2813; x_wconf 90' lang='lat' dir='ltr'><strong>studii</strong></span> <span class='ocrx_word' id='word_1_209' title='bbox 793 2771 916 2826; x_wconf 82' lang='lat' dir='ltr'><strong>opernm</strong></span> <span class='ocrx_word' id='word_1_210' title='bbox 935 2757 1046 2810; x_wconf 77' lang='lat' dir='ltr'><strong>frustra</strong></span> <span class='ocrx_word' id='word_1_211' title='bbox 1065 2764 1160 2812; x_wconf 84' lang='lat' dir='ltr'><strong>tenta.</strong></span> 
     </span>
     <span class='ocr_line' id='line_1_27' title="bbox 118 2841 1219 2924; baseline 0.001 -18"><span class='ocrx_word' id='word_1_212' title='bbox 118 2867 201 2920; x_wconf 88' lang='lat' dir='ltr'><strong>rem,</strong></span> <span class='ocrx_word' id='word_1_213' title='bbox 219 2851 248 2906; x_wconf 89' lang='lat' dir='ltr'><strong>in</strong></span> <span class='ocrx_word' id='word_1_214' title='bbox 267 2861 328 2907; x_wconf 89' lang='lat' dir='ltr'><strong>tam</strong></span> <span class='ocrx_word' id='word_1_215' title='bbox 345 2848 462 2905; x_wconf 88' lang='lat' dir='ltr'><strong>levibus</strong></span> <span class='ocrx_word' id='word_1_216' title='bbox 479 2851 560 2909; x_wconf 81' lang='lat' dir='ltr'><strong>suis.</strong></span> <span class='ocrx_word' id='word_1_217' title='bbox 579 2858 609 2905; x_wconf 85' lang='lat' dir='ltr'><strong>et</strong></span> <span class='ocrx_word' id='word_1_218' title='bbox 627 2849 684 2915; x_wconf 89' lang='lat' dir='ltr'><strong>(ut</strong></span> <span class='ocrx_word' id='word_1_219' title='bbox 701 2850 832 2916; x_wconf 85' lang='lat' dir='ltr'><strong>vocant)</strong></span> <span class='ocrx_word' id='word_1_220' title='bbox 856 2847 1000 2907; x_wconf 89' lang='lat' dir='ltr'><strong>bullaeels</strong></span> <span class='ocrx_word' id='word_1_221' title='bbox 1026 2841 1172 2919; x_wconf 66' lang='lat' dir='ltr'><strong>syttogis.</strong></span> <span class='ocrx_word' id='word_1_222' title='bbox 1216 2918 1219 2924; x_wconf 25' lang='grc'>1</span> 
     </span>
     <span class='ocr_line' id='line_1_28' title="bbox 118 2942 1160 3011; baseline 0.001 -12"><span class='ocrx_word' id='word_1_223' title='bbox 118 2946 186 3001; x_wconf 89' lang='lat' dir='ltr'><strong>mis.</strong></span> <span class='ocrx_word' id='word_1_224' title='bbox 218 2943 307 3000; x_wconf 88' lang='lat' dir='ltr'><strong>Meas</strong></span> <span class='ocrx_word' id='word_1_225' title='bbox 332 2958 436 3000; x_wconf 81' lang='lat' dir='ltr'><strong>causas</strong></span> <span class='ocrx_word' id='word_1_226' title='bbox 460 2943 514 2999; x_wconf 90' lang='lat' dir='ltr'><strong>tibi</strong></span> <span class='ocrx_word' id='word_1_227' title='bbox 540 2959 619 2997; x_wconf 78' lang='lat' dir='ltr'><strong>curas</strong></span> <span class='ocrx_word' id='word_1_228' title='bbox 644 2957 732 3009; x_wconf 85' lang='lat' dir='ltr'><strong>esse,</strong></span> <span class='ocrx_word' id='word_1_229' title='bbox 757 2942 865 3010; x_wconf 82' lang='lat' dir='ltr'><strong>gratias</strong></span> <span class='ocrx_word' id='word_1_230' title='bbox 884 2958 939 3011; x_wconf 81' lang='lat' dir='ltr'><strong>ego</strong></span> <span class='ocrx_word' id='word_1_231' title='bbox 957 2943 1026 2997; x_wconf 89' lang='lat' dir='ltr'><strong>Dec</strong></span> <span class='ocrx_word' id='word_1_232' title='bbox 1047 2955 1077 2997; x_wconf 91' lang='lat' dir='ltr'><strong>et</strong></span> <span class='ocrx_word' id='word_1_233' title='bbox 1095 2943 1160 3000; x_wconf 88' lang='lat' dir='ltr'><strong>tibi.</strong></span> 
     </span>
     <span class='ocr_line' id='line_1_29' title="bbox 117 3035 1159 3110; baseline 0 -16"><span class='ocrx_word' id='word_1_234' title='bbox 117 3038 190 3094; x_wconf 85' lang='lat' dir='ltr'><strong>Vale</strong></span> <span class='ocrx_word' id='word_1_235' title='bbox 216 3048 247 3094; x_wconf 92' lang='lat' dir='ltr'><strong>et</strong></span> <span class='ocrx_word' id='word_1_236' title='bbox 277 3055 340 3093; x_wconf 86' lang='lat' dir='ltr'><strong>amo</strong></span> <span class='ocrx_word' id='word_1_237' title='bbox 371 3054 420 3093; x_wconf 92' lang='lat' dir='ltr'><strong>me</strong></span> <span class='ocrx_word' id='word_1_238' title='bbox 450 3036 479 3092; x_wconf 89' lang='lat' dir='ltr'><strong>iu</strong></span> <span class='ocrx_word' id='word_1_239' title='bbox 504 3036 637 3094; x_wconf 87' lang='lat' dir='ltr'><strong>Christo.</strong></span> <span class='ocrx_word' id='word_1_240' title='bbox 680 3035 783 3094; x_wconf 84' lang='lat' dir='ltr'><strong>Pridie</strong></span> <span class='ocrx_word' id='word_1_241' title='bbox 810 3035 932 3092; x_wconf 86' lang='lat' dir='ltr'><strong>Caleod.</strong></span> <span class='ocrx_word' id='word_1_242' title='bbox 958 3036 1159 3110; x_wconf 87' lang='lat' dir='ltr'><strong>Septembris,</strong></span> 
     </span>
     <span class='ocr_line' id='line_1_30' title="bbox 117 3131 787 3201; baseline -0.004 -15"><span class='ocrx_word' id='word_1_243' title='bbox 117 3148 193 3187; x_wconf 89' lang='lat' dir='ltr'><strong>anno</strong></span> <span class='ocrx_word' id='word_1_244' title='bbox 212 3131 394 3189; x_wconf 85' lang='lat' dir='ltr'><strong>MDXVIII.</strong></span> <span class='ocrx_word' id='word_1_245' title='bbox 782 3195 787 3201; x_wconf 43' lang='grc'><strong>,</strong></span> 
     </span>
    </p>

    <p class='ocr_par' dir='ltr' id='par_1_5' title="bbox 620 3223 1155 3299">
     <span class='ocr_line' id='line_1_31' title="bbox 620 3223 1155 3299; baseline 0.006 -15"><span class='ocrx_word' id='word_1_246' title='bbox 620 3225 654 3284; x_wconf 86' lang='lat' dir='ltr'><strong>F.</strong></span> <span class='ocrx_word' id='word_1_247' title='bbox 671 3223 824 3285; x_wconf 90' lang='lat' dir='ltr'><strong>Martinus</strong></span> <span class='ocrx_word' id='word_1_248' title='bbox 840 3225 1011 3296; x_wconf 88' lang='lat' dir='ltr'><strong>Lutheros,</strong></span> <span class='ocrx_word' id='word_1_249' title='bbox 1029 3227 1155 3299; x_wconf 66' lang='lat' dir='ltr'><strong>August.</strong></span> 
     </span>
    </p>
   </div>
   <div class='ocr_carea' id='block_1_3' title="bbox 112 3374 1189 3731">
    <p class='ocr_par' dir='ltr' id='par_1_6' title="bbox 112 3374 1189 3731">
     <span class='ocr_line' id='line_1_32' title="bbox 156 3374 1156 3439; baseline 0.005 -10"><span class='ocrx_word' id='word_1_250' title='bbox 156 3402 159 3407; x_wconf 96' lang='lat'>·</span> <span class='ocrx_word' id='word_1_251' title='bbox 181 3374 225 3439; x_wconf 88' lang='lat' dir='ltr'><strong>D.</strong></span> <span class='ocrx_word' id='word_1_252' title='bbox 238 3376 370 3433; x_wconf 81' lang='lat' dir='ltr'><strong>Andreas</strong></span> <span class='ocrx_word' id='word_1_253' title='bbox 383 3374 587 3430; x_wconf 87' lang='lat' dir='ltr'><strong>Carclstadius</strong></span> <span class='ocrx_word' id='word_1_254' title='bbox 600 3375 742 3432; x_wconf 87' lang='lat' dir='ltr'><strong>adversus</strong></span> <span class='ocrx_word' id='word_1_255' title='bbox 754 3375 839 3433; x_wconf 84' lang='lat' dir='ltr'><strong>Eecii</strong></span> <span class='ocrx_word' id='word_1_256' title='bbox 852 3377 1057 3434; x_wconf 84' lang='lat' dir='ltr'><strong>defensionem</strong></span> <span class='ocrx_word' id='word_1_257' title='bbox 1070 3378 1156 3434; x_wconf 86' lang='lat' dir='ltr'><strong>aliam</strong></span> 
     </span>
     <span class='ocr_line' id='line_1_33' title="bbox 112 3468 1189 3543; baseline -0.001 -17"><span class='ocrx_word' id='word_1_258' title='bbox 112 3468 241 3526; x_wconf 86' lang='lat' dir='ltr'><strong>molitur</strong></span> <span class='ocrx_word' id='word_1_259' title='bbox 255 3485 400 3542; x_wconf 86' lang='lat' dir='ltr'><strong>pugnam:</strong></span> <span class='ocrx_word' id='word_1_260' title='bbox 432 3478 462 3523; x_wconf 92' lang='lat' dir='ltr'><strong>et</strong></span> <span class='ocrx_word' id='word_1_261' title='bbox 480 3479 623 3542; x_wconf 85' lang='lat' dir='ltr'><strong>quantum</strong></span> <span class='ocrx_word' id='word_1_262' title='bbox 643 3486 697 3540; x_wconf 79' lang='lat' dir='ltr'><strong>ego</strong></span> <span class='ocrx_word' id='word_1_263' title='bbox 717 3471 802 3543; x_wconf 84' lang='lat' dir='ltr'><strong>capio</strong></span> <span class='ocrx_word' id='word_1_264' title='bbox 817 3470 873 3541; x_wconf 82' lang='lat'><strong>²),</strong></span> <span class='ocrx_word' id='word_1_265' title='bbox 896 3470 1008 3528; x_wconf 87' lang='lat' dir='ltr'><strong>Eccius</strong></span> <span class='ocrx_word' id='word_1_266' title='bbox 1032 3475 1156 3528; x_wconf 87' lang='lat' dir='ltr'><strong>suade.</strong></span> <span class='ocrx_word' id='word_1_267' title='bbox 1185 3497 1189 3503; x_wconf 60' lang='lat'><em>›</em></span> 
     </span>
     <span class='ocr_line' id='line_1_34' title="bbox 114 3563 1156 3639; baseline 0.006 -21"><span class='ocrx_word' id='word_1_268' title='bbox 114 3563 250 3620; x_wconf 74' lang='lat' dir='ltr'><strong>tensione</strong></span> <span class='ocrx_word' id='word_1_269' title='bbox 275 3564 349 3621; x_wconf 90' lang='lat' dir='ltr'><strong>nihil</strong></span> <span class='ocrx_word' id='word_1_270' title='bbox 374 3566 468 3631; x_wconf 87' lang='lat' dir='ltr'><strong>fecit,</strong></span> <span class='ocrx_word' id='word_1_271' title='bbox 494 3565 551 3620; x_wconf 84' lang='lat' dir='ltr'><strong>nisi</strong></span> <span class='ocrx_word' id='word_1_272' title='bbox 570 3565 652 3636; x_wconf 88' lang='lat' dir='ltr'><strong>quod</strong></span> <span class='ocrx_word' id='word_1_273' title='bbox 668 3566 771 3623; x_wconf 83' lang='lat' dir='ltr'><strong>locum</strong></span> <span class='ocrx_word' id='word_1_274' title='bbox 790 3567 946 3636; x_wconf 86' lang='lat' dir='ltr'><strong>ostendit,</strong></span> <span class='ocrx_word' id='word_1_275' title='bbox 972 3583 1032 3639; x_wconf 87' lang='lat' dir='ltr'><strong>quo</strong></span> <span class='ocrx_word' id='word_1_276' title='bbox 1058 3568 1156 3639; x_wconf 86' lang='lat' dir='ltr'><strong>possit</strong></span> 
     </span>
     <span class='ocr_line' id='line_1_35' title="bbox 114 3657 478 3731; baseline 0.005 -19"><span class='ocrx_word' id='word_1_277' title='bbox 114 3657 367 3731; x_wconf 73' lang='lat' dir='ltr'><strong>quam-aptissime</strong></span> <span class='ocrx_word' id='word_1_278' title='bbox 384 3660 478 3714; x_wconf 80' lang='lat' dir='ltr'><strong>feriri.</strong></span> 
     </span>
    </p>
   </div>
   <div class='ocr_carea' id='block_1_4' title="bbox 168 3910 674 3973">
    <p class='ocr_par' dir='ltr' id='par_1_7' title="bbox 168 3910 674 3973">
     <span class='ocr_line' id='line_1_36' title="bbox 168 3910 674 3973; baseline 0.006 -14"><span class='ocrx_word' id='word_1_279' title='bbox 168 3910 283 3964; x_wconf 76' lang='lat' dir='ltr'><strong>sicud</strong></span> <span class='ocrx_word' id='word_1_280' title='bbox 303 3910 370 3959; x_wconf 83' lang='lat' dir='ltr'><strong>Jen</strong></span> <span class='ocrx_word' id='word_1_281' title='bbox 396 3921 518 3971; x_wconf 76' lang='lat' dir='ltr'><strong>quantam</strong></span> <span class='ocrx_word' id='word_1_282' title='bbox 532 3921 578 3968; x_wconf 66' lang='lat' dir='ltr'><strong>ego</strong></span> <span class='ocrx_word' id='word_1_283' title='bbox 593 3915 674 3973; x_wconf 85' lang='lat' dir='ltr'><strong>euplo.</strong></span> 
     </span>
    </p>
   </div>
   <div class='ocr_carea' id='block_1_5' title="bbox 0 0 1292 4732">
    <p class='ocr_par' dir='ltr' id='par_1_8' title="bbox 0 0 1292 4732">
     <span class='ocr_line' id='line_1_37' title="bbox 0 0 1292 4732; baseline 0 0"><span class='ocrx_word' id='word_1_284' title='bbox 0 0 1292 4732; x_wconf 95' lang='lat' dir='ltr'><strong> </strong></span> 
     </span>
    </p>
   </div>
  </div>
 </body>
</html>
