2574 4732
186 301 249 374 '1ss
665 304 757 370 1510.

188 497 193 505 ·
256 460 389 520 Proinde
404 460 479 518 mihi
500 460 595 519 uirum
621 471 688 533 est,
714 479 783 518 rem
809 446 888 517 h'rno
912 476 980 518 eree
1003 462 1175 520 mei'etudii
1200 475 1230 525 et

185 557 295 624 officii,
328 557 480 629 disputare
505 556 621 612 seilicet
645 559 683 614 de
710 556 804 612 rebus
832 555 969 611 omnium
993 555 1230 627 dubiosissimis‚

184 651 237 707 aed
260 651 361 720 simul,
390 651 415 706 si
441 650 531 706 salsae
550 651 631 718 rint,
659 649 922 724 periculosissimis
944 658 1078 706 assuto:
1108 651 1230 722 qnando

181 745 339 816 hucusque
359 745 473 800 licitum
494 755 541 801 est
560 744 768 812 scholasticis,
794 744 832 800 de
850 744 889 800 iis
908 744 999 800 etiem
1019 744 1114 800 rebus
1127 760 1229 800 sacre.

181 839 306 896 tissimis
323 839 574 910 reverendisque,
593 855 667 912 quas
685 854 740 913 per
758 846 806 894 tot
828 839 945 895 saecula
964 837 1064 895 mallus
1080 837 1227 895 dubitarit

181 930 390 1000 Christianus,
409 934 571 1004 disputare.
745 918 752 930 ⁸
961 958 964 962 ⁸

246 1026 342 1099 Quod
360 1043 436 1083 vero
454 1025 575 1081 humilis
597 1034 627 1080 et
652 1027 768 1096 dejectu
791 1043 897 1082 eoram
918 1027 959 1083 sit
977 1027 1080 1096 religio
1099 1043 1153 1083 seu
1176 1043 1224 1082 re.

178 1097 400 1190 versutie,'qui
419 1119 457 1172 de
474 1126 623 1189 potestate
641 1118 845 1175 ecclesiastica
862 1137 916 1176 seu
937 1124 1046 1178 summi
1065 1121 1222 1179 Pontilioie

176 1223 283 1286 putent
301 1228 362 1267 non
375 1211 613 1281 disputandum,
630 1213 683 1266 sed
699 1213 860 1269 tenendam
881 1222 912 1269 et
929 1216 1040 1283 gratias
1057 1216 1223 1284 agendum,

176 1309 243 1380 quie
265 1323 328 1363 oon
350 1304 398 1361 vel
413 1306 530 1376 palpet,
549 1311 673 1376 quareo?
691 1321 826 1360 cernon
842 1305 934 1360 etiarn
947 1315 1049 1363 tacent
1063 1317 1096 1363 et
1111 1311 1222 1377 gratias

173 1407 285 1468 rgnut‘,
307 1407 343 1454 et
360 1414 430 1455 suas
455 1398 579 1454 frivolas
604 1398 820 1470 disputationes
844 1399 988 1455 omittunt
1011 1401 1048 1455 'de
1070 1411 1221 1472 potestate

173 1502 204 1549 et
228 1492 369 1566 rapientia
399 1502 431 1548 et
452 1491 587 1549 bonitate
614 1492 697 1562 ejus,
731 1493 781 1564 qui
814 1493 894 1548 dedit
924 1494 1012 1549 iatam
1037 1505 1220 1566 potestatem

170 1587 341 1645 Ecclesia?
367 1586 508 1659 Denique
532 1587 603 1658 quid
626 1596 674 1642 est
698 1584 811 1654 tenr‘)
844 1597 1012 1657 secretum,
1046 1588 1096 1641 vel
1117 1589 1148 1644 in
1169 1588 1218 1644 illa

171 1698 288 1740 summa
313 1682 469 1752 majestate
494 1681 545 1738 vel
572 1681 770 1738 sacratissime
803 1681 1011 1750 hummritate,
1045 1685 1128 1754 quod
1153 1698 1216 1738 nou

169 1794 266 1850 propo
282 1778 369 1846 nugis
388 1775 732 1843 itacontaminaverint,
761 1782 795 1830 ut
817 1775 949 1830 omnium
975 1793 1056 1847 pone
1089 1785 1120 1830 et
1146 1777 1217 1830 affe.

168 1882 254 1926 ctum
279 1879 311 1925 et
332 1871 533 1925 reuerentiam
556 1870 696 1924 cordium
719 1869 891 1925 assiduitate
917 1871 1044 1940 nugandi
1066 1870 1098 1925 io
1116 1870 1218 1925 Deum

167 1964 375 2021 extinxerintl
409 1963 468 2017 Sed
486 1964 523 2018 de
540 1962 603 2017 hoc
621 1963 705 2018 alios.

237 2057 333 2126 Igitur
363 2073 434 2111 cum
460 2057 489 2110 in
514 2054 595 2110 hanc
620 2071 742 2109 arenam
764 2073 911 2112 vocarem
939 2072 1064 2126 ornares,
1100 2060 1217 2114 veniret

166 2167 242 2207 vero
259 2149 500 2216 nullus,‚deinde
515 2149 649 2203 riderem
667 2148 883 2218 diaputationee
897 2165 983 2205 meas
999 2152 1087 2207 latius
1103 2155 1215 2220 uagari,

170 2259 262 2316 quam
292 2240 468 2309 volueram,
494 2251 584 2309 atque
600 2239 745 2311 possim,
777 2256 837 2295 non
868 2251 901 2295 ut
928 2242 1134 2311 disputabilia,
1161 2245 1214 2299 sed

165 2347 280 2394 asserta
300 2334 525 2404 acciperentur:
554 2343 679 2390 coactus
701 2322 769 2388 sum
791 2343 901 2404 praeter
920 2348 1009 2404 opem
1036 2346 1067 2390 et
1088 2345 1213 2402 votum,

164 2445 263 2487 meam
283 2428 442 2484 infantiam.
452 2435 483 2481 et
506 2427 703 2495 ignorantiam
723 2427 751 2482 in
773 2428 879 2496 vulgus
898 2428 1038 2495 mittere,
1064 2436 1094 2484 et
1114 2430 1213 2484 decla.

164 2525 298 2578 rationes
325 2539 360 2576 ac
386 2521 582 2593 probationes
607 2536 710 2575 earum
734 2521 763 2575 in
789 2520 944 2591 publicum
970 2520 1085 2588 edere,
1117 2522 1212 2578 ratim

100 2652 105 2658 -
165 2629 250 2675 ratus
273 2617 465 2678 arefacere,
497 2617 523 2670 si
553 2614 706 2687 imperitias
731 2631 805 2669 meae
830 2616 979 2673 iufamium
1006 2617 1210 2686 incurrerem,

165 2728 255 2784 quam
275 2711 342 2768 illos
366 2725 467 2764 errare
485 2709 635 2778 sinerem,
659 2710 710 2780 qui
730 2709 810 2764 torte
829 2719 934 2780 putam
956 2709 1056 2766 omnia
1076 2725 1142 2766 esse
1163 2726 1210 2767 ae.

51 2815 54 2821 ’
164 2816 256 2862 sarta.
290 2805 375 2860 Inter
398 2820 463 2875 qum
484 2810 577 2871 suot,
601 2804 641 2857 de
660 2803 770 2874 quibas
789 2802 914 2865 dubito,
929 2805 1070 2861 nonulla
1084 2805 1209 2875 ignoro,

163 2902 260 2971 alique
281 2912 312 2955 et
333 2915 431 2967 nego,
454 2899 533 2952 nulla
561 2913 635 2952 vero
665 2898 858 2968 pertinaciter
882 2910 1006 2968 assero,
1029 2901 1083 2954 sed
1107 2901 1207 2955 emnia

161 2992 307 3048 Ecclesia}
331 3005 440 3047 sanctae
464 3009 580 3064 suoque
594 2992 710 3061 judicio
729 2992 884 3048 submitto.

81 3099 84 3106 ·
186 3144 189 3149 ,
230 3086 307 3142 Cum
326 3103 401 3141 vero
423 3095 472 3153 tu,
491 3088 604 3156 optime
623 3085 756 3153 Praesul‚
780 3084 868 3140 nobis
891 3101 950 3156 per
968 3085 1206 3141 misericordiam

162 3179 276 3236 Christi
300 3181 386 3235 datus
413 3180 457 3233 sia
478 3180 569 3248 hujus
593 3180 655 3234 loci
680 3179 858 3234 ordinarius
885 3180 940 3244 (et
968 3179 1121 3256 vocant),
1153 3181 1206 3251 qui

160 3275 284 3346 quidem·
312 3274 410 3328 bonos
444 3282 473 3326 et
503 3275 636 3328 eruditos
667 3289 728 3328 aon
758 3274 850 3327 modo
883 3274 980 3341 diligis
994 3263 1028 3344 d)
1061 3273 1204 3341 mirifice,

160 3367 244 3439 quod
266 3369 296 3422 in
321 3367 426 3421 multis
446 3367 540 3420 malti·
555 3368 717 3438 plurimum
739 3365 921 3436 pradicsnt,
947 3382 1053 3421 verum
1073 3383 1130 3439 pro
1154 3378 1204 3421 tun

159 3461 300 3530 singulari
332 3459 515 3514 humanitate
541 3471 570 3516 et
594 3460 762 3515 hnmilitate
786 3475 880 3530 prope
904 3447 998 3529 usquc
1023 3462 1059 3516 ed
1085 3461 1205 3531 pericia.

157 3555 220 3610 lum
236 3551 413 3625 pontificalis
435 3552 585 3620 diguitatis
611 3555 699 3607 etiam
720 3554 873 3608 veneraris
896 3562 926 3608 et
949 3554 1024 3610 colis
1050 3554 1202 3623 (facesset

157 3648 303 3711 adulatio,
328 3663 389 3700 non
406 3658 459 3712 te,
492 3648 545 3701 sed
564 3646 676 3702 Christi
699 3648 775 3700 dona
797 3648 826 3701 in
848 3655 878 3701 te
900 3645 1071 3715 prndico):
1092 3647 1201 3716 justis.

157 3744 266 3798 simum
297 3741 373 3805 luit,
406 3749 439 3794 ut
463 3739 516 3794 tibi
548 3738 602 3808 (ad
629 3755 719 3810 quem
740 3742 871 3813 pertinet
896 3739 986 3812 hujus
1013 3740 1073 3796 loci
1100 3741 1198 3798 studia

210 3969 236 4015 e)
266 3960 481 4010 durii—tam.

209 4043 240 4097 ‹1›
269 4041 332 4089 vir.
347 4042 413 4094 Jen.
431 4041 526 4098 diligar.
