2574 4732
175 298 235 367 256
665 296 755 367 1519.

178 455 323 529 opuscula
343 456 510 509 tenuerint:
534 453 693 513 confessos
710 452 788 508 niele
801 452 968 522 mulctant,
985 461 1019 509 nt
1032 452 1106 510 mihi
1121 452 1233 512 scribit

178 552 315 606 Andreae
335 548 543 604 Carnitziauus.
579 547 653 604 Vide
673 548 830 617 tenebras,
847 547 915 603 vide
932 549 1073 605 insanias:
1092 547 1231 619 theologi

175 645 210 699 hi
228 650 310 699 dunt.
673 630 677 635 Ι

247 737 348 795 Credo
379 738 414 792 sd
441 746 472 791 tc
499 738 673 809 pervenisse
701 735 786 792 initia
807 752 880 790 mea
910 752 1001 809 super
1024 732 1233 803 psalterium,

172 832 236 903 jam
259 832 336 887 oddo
359 831 437 887 aliud
465 831 639 902 exemplar,
668 848 731 902 quo
752 840 837 885 tuum
861 831 1005 899 corrigas.
1040 830 1122 899 Scis,
1146 831 1234 901 quod

177 925 289 982 Emser
306 935 432 993 noster,
456 926 546 981 etiam
565 926 636 980 dnm
653 933 738 979 recta
758 925 889 986 format,
913 933 1007 978 errat.
1272 921 1275 925 ’

247 1019 344 1074 Mitto
365 1020 590 1088 grammaticum
608 1018 701 1073 Mose
716 1017 858 1078 Kimchh
881 1018 980 1075 donec
997 1015 1083 1070 aliam
1095 1022 1130 1069 tu
1150 1015 1235 1071 obti.

178 1129 266 1169 neas:
293 1112 359 1167 baec
381 1111 454 1167 mibi
477 1112 559 1167 dono
573 1112 664 1166 missa
682 1121 730 1166 est
742 1110 781 1165 ab
799 1111 967 1167 Ansbelrno
985 1108 1121 1171 Thomu.
1161 1108 1233 1165 Edo

176 1207 269 1263 simul
295 1203 513 1260 commentaria
533 1205 569 1259 ad
593 1203 715 1261 Galatas
730 1203 839 1276 Lipsiae
859 1204 1044 1265 excudenda.
1088 1202 1117 1257 si
1140 1219 1234 1257 venet

178 1301 240 1354 rint
265 1299 295 1354 in
320 1313 424 1352 monus
448 1308 514 1353 tues
540 1299 599 1355 duo
618 1313 775 1353 sermones
799 1299 837 1353 ‹le
855 1297 965 1369 duplici
981 1297 1118 1367 justitia,
1145 1297 1233 1352 etde

179 1392 393 1458 matrimonio,
419 1391 515 1446 tltero
545 1374 675 1461 Latino,
703 1392 799 1448 altero
825 1389 1060 1461 vernaculo²):
1088 1406 1143 1459 age
1167 1389 1232 1444 offi.

180 1487 276 1541 cium:
297 1485 417 1555 excepti
432 1496 502 1540 sunt
522 1485 607 1553 mihi,
627 1495 658 1540 et
677 1486 836 1542 meinscio
854 1485 1009 1554 inralgrti,
1024 1485 1080 1540 ‘sed
1097 1494 1128 1538 et
1147 1498 1233 1538 men.

180 1579 339 1635 durissime
353 1595 396 1634 ac
419 1578 531 1635 insulae
551 1590 617 1635 tum
637 1580 756 1635 collecti
779 1589 845 1634 tum
865 1581 993 1634 aeusi:
1018 1594 1085 1632 men
1097 1579 1232 1646 'ignomi

179 1673 228 1731 uia
259 1673 325 1728 hnc
348 1683 404 1734 est.
454 1673 633 1729 Orationem
667 1673 861 1729 Dominioatu
889 1673 1082 1730 instauratam
1109 1688 1232 1743 quoque

156 1756 282 1825 'mitto
318 1767 433 1823 Caetera
451 1766 618 1839 Philippus.
654 1767 754 1824 Credo
771 1778 808 1822 te
831 1769 998 1823 methodon
1025 1765 1144 1820 Erasini
1173 1782 1233 1821 no.

180 1875 251 1914 vom
269 1860 402 1929 vidisse,
429 1875 485 1917 seu
501 1863 649 1918 rationem
667 1861 844 1932 theologia:
871 1862 985 1919 nollent
1002 1876 1071 1917 eum
1088 1870 1151 1915 tam
1170 1859 1234 1915 cito

182 1953 369 2009 defunctum·
876 1999 880 2007 .
903 2001 908 2007 .

181 2063 202 2087 -’
252 2045 399 2101 Vidistine
427 2047 457 2100 in
481 2048 636 2117 opusculis
657 2032 734 2102 ineis
756 2047 971 2109 Basilienribus
1002 2054 1108 2103 contra
1142 2047 1236 2101 Silae.

180 2146 296 2204 strum,
323 2139 405 2208 quod
431 2139 533 2193 studio
555 2139 648 2207 magis
673 2156 763 2209 quam
787 2140 1071 2218 erroremqt'mm
1090 2156 1148 2209 pro
1165 2155 1237 2194 mo.

179 2229 312 2304 sistrum
327 2229 442 2297 palatii
460 2231 489 2283 in
510 2231 609 2285 fronte
627 2232 820 2302 scripserint,
838 2233 945 2286 deinde
966 2241 996 2285 et
1019 2231 1090 2283 alius
1109 2233 1235 2284 mendas

181 2321 211 2375 iu
232 2320 436 2387 marginibus,
457 2322 632 2377 irrisiones?
655 2323 780 2377 Dicitur
796 2322 906 2391 nobis,
937 2322 1112 2392 cajetanum
1128 2320 1234 2374 Cardi.

86 2464 90 2469 ,
180 2413 278 2468 nalem
299 2429 366 2470 esse
394 2414 561 2484 Mogontia
581 2417 760 2470 conclusum
775 2415 812 2467 ab
827 2416 973 2485 Hispaniae
994 2413 1093 2467 Caroli
1111 2421 1235 2483 aposto.

179 2509 241 2575 lis,
260 2509 341 2578 quod
359 2509 388 2562 in
406 2509 567 2564 factionem
592 2508 749 2565 Gallorum
771 2510 849 2577 regis
872 2509 971 2563 omnia
991 2508 1082 2562 fuerit
1099 2507 1235 2565 molitus.

183 2603 363 2674 scripsimus
397 2603 432 2656 ad
464 2600 626 2656 Erasmum
660 2601 817 2672 Philippus
846 2615 877 2656 et
910 2619 978 2670 ego.
1031 2598 1114 2656 Ecce
1140 2599 1236 2654 habes

183 2698 284 2753 omnia
299 2706 405 2767 ,·qttae
431 2694 563 2751 voluisti.
609 2695 806 2751 Reverendus
828 2694 928 2750 Pater
960 2695 1095 2750 Vicarius
1106 2724 1111 2731 .
1123 2692 1235 2747 oblitus

184 2802 233 2846 est
263 2791 387 2856 nostri,
416 2790 492 2843 adeo
519 2788 592 2844 nihil
621 2788 738 2844 scribit.
784 2789 1000 2846 Reverendum
1032 2787 1156 2843 Patrem
1185 2786 1235 2842 M.

184 2883 315 2953 Usingen
339 2883 511 2938 humaniter
534 2883 648 2951 saluta,
677 2883 749 2937 item
777 2894 808 2939 et
829 2883 875 2938 M.
904 2882 1077 2938 Johsunem
1100 2879 1247 2947 Nathin:³

185 2976 390 3048 fratribusque
406 2993 454 3029 me
471 2977 653 3031 commendo
672 2978 779 3043 enixe,
798 2992 875 3048 quos
894 2976 983 3031 etiam
1002 2976 1100 3030 saluto
1118 2988 1236 3029 omnes.

256 3070 289 3124 lu
314 3070 371 3124 fine
390 3071 426 3124 de
445 3069 572 3125 Hebraeo
592 3070 702 3123 iterum
716 3079 746 3124 te
766 3086 895 3136 moneo,
914 3086 976 3139 quo
996 3065 1236 3123 adolescentibus

186 3163 308 3234 optimis
328 3164 441 3232 optime
458 3162 728 3230 theologisantibus
749 3163 883 3233 mireque
904 3160 1078 3216 ardentibus
1095 3159 1125 3214 iu
1138 3169 1236 3213 rectas

186 3256 289 3310 literas
319 3270 530 3324 cooperemur.
575 3255 646 3310 Vale
673 3266 709 3311 et
729 3266 780 3323 tu,
807 3257 902 3310 valeat
929 3263 959 3308 et
985 3269 1056 3308 crus
1083 3263 1183 3316 tuum,
1211 3252 1236 3306 si

188 3348 326 3406 Christus
343 3349 436 3404 volet.
466 3345 712 3433 Wiptembergae,
730 3348 756 3406 lt.
772 3360 840 3421 post
851 3347 979 3415 ludica,
996 3345 1235 3403 annoMDlilX.

691 3442 725 3498 F.
740 3442 896 3498 Martinus
915 3440 1087 3506 Lutberus,
1108 3442 1236 3506 August.

256 3558 333 3613 Illud
353 3567 552 3627 praetoresue
574 3560 713 3628 omittas,
731 3571 770 3616 ut
782 3560 894 3613 donam
916 3567 1055 3614 nostrum
1073 3564 1104 3610 et
1126 3554 1240 3609 doctis.

160 3672 161 3676 ¹
188 3653 300 3709 simum
322 3660 352 3705 et
378 3652 592 3706 amicissimum
612 3660 780 3708 monitorem
806 3654 911 3708 reddas
931 3653 1007 3720 mei,
1036 3660 1066 3705 et
1086 3666 1101 3703 a
1124 3662 1174 3701 me
1195 3648 1241 3701 di.

189 3746 240 3816 ligi
260 3746 427 3800 denunties.
462 3744 508 3798 Its
534 3754 564 3799 et
584 3744 626 3801 D.
645 3746 837 3803 Ludovicum
859 3746 1048 3815 Melsingen,
1076 3752 1108 3798 et
1133 3755 1240 3795 omues

190 3850 282 3895 notos
299 3846 396 3893 meos.

242 4022 271 4067 t>
299 4012 358 4063 &oli
372 4012 436 4067 moll
450 4011 546 4068 btlfitu:
568 4015 762 4072 sitentium,
776 4015 839 4064 riter
849 4013 1003 4067 strumum.
