2574 4732
549 307 653 386 'utta
829 327 835 333 ·
1058 314 1123 388 ast

76 483 112 532 te
137 488 174 532 or
194 473 359 531 *dienuml
388 457 470 528 Tum
495 473 661 532 Christnst
689 473 721 530 tt·
736 467 871 548 gloriam
885 480 1125 550 nreumqnoero,

48 562 55 611 ἶ
78 567 215 644 proriam
237 585 307 624 mea
327 566 408 624 nihrl
431 574 484 624 est,
527 568 566 623 Et
589 569 830 625 Proverbtotum
852 576 940 627 autor
964 568 1127 641 salomon,

78 661 242 719 hareditas
260 659 403 734 (inquit)
420 661 465 716 ud
479 678 571 734 quom
587 663 620 718 in
635 662 789 733 prmcipio
802 661 996 733 festinatur,
1015 667 1046 721 in
1054 666 1128 735 fine

78 756 278 815 &arduenne
301 753 426 812 carebit.
449 735 578 813 'Justus
604 758 685 812 enim
712 759 767 821 (ut
787 758 941 829 Scriptura
968 761 1059 828 dicit)
1076 766 1079 771 ‘
1097 763 1128 818 in

73 853 228 926 principio
250 868 312 907 non
339 861 386 908 est
400 852 551 921 jactator,
582 853 635 907 sed
666 861 827 906 accusator
856 853 926 907 sui:
957 853 1128 913 Phansaeus

79 959 181 1002 autem
207 947 311 1020 'primo
338 956 385 1002 cst
413 942 553 1001 laudator
584 947 653 1012 sui.
690 945 777 1001 simul
802 953 975 1002 accusator·
994 944 1129 1005 omniurn

79 1041 219 1095 aliorum.
1027 1095 1030 1106 ,

83 1149 86 1157 ’
148 1132 199 1188 De
216 1132 311 1188 Eccio
332 1142 440 1190 nostro
460 1141 560 1188 nutem
578 1148 616 1188 eo
639 1134 755 1188 facilius
776 1135 887 1202 credo,
906 1133 1039 1203 jnc‘tatse
1060 1148 1131 1192 eum

82 1216 246 1297 victorias,
283 1243 344 1299 quo
366 1228 431 1297 jam
455 1227 528 1282 olim
550 1227 623 1281 mihi
652 1237 699 1282 est
726 1229 877 1297 ingenium
900 1226 1034 1282 hominis
1063 1243 1133 1300 per.

82 1330 238 1393 spectum,
262 1330 296 1375 ut
314 1321 416 1390 glorio
440 1322 644 1377 miserrimum
663 1323 861 1392 mancipium:
876 1331 954 1376 ¹turn
973 1320 1055 1401 ¹quod
1068 1321 1133 1392 jam

81 1419 177 1486 mugis
196 1425 340 1488 expertus
357 1431 445 1482 sum,
472 1417 572 1471 solere
593 1431 663 1468 eum
684 1416 714 1469 in
738 1414 938 1485 disputatione¹
959 1416 1053 1483 magis
1073 1411 1134 1471 cri.

82 1511 187 1566 minari
210 1527 300 1582 quam
319 1510 487 1580 disputare,
513 1511 653 1563 et‘more
679 1508 873 1563 indoctorum
895 1508 1134 1564 declnmntorum

83 1615 201 1679 tempus
212 1603 361 1660 vconviciis
380 1613 410 1657 et
430 1602 620 1657 contumeliis
635 1603 794 1656 hominum
807 1602 946 1673 perdere.
971 1602 1045 1657 Ideo
1059 1600 1135 1658 nihil

82 1700 211 1766 mirum,
238 1700 263 1753 si
289 1713 350 1750 non
375 1697 431 1750 nisi
461 1696 587 1764 glorium
611 1705 734 1766 quaerat.
775 1695 857 1750 Mihi
879 1684 972 1764 uero,
1004 1697 1054 1767 qui
1071 1696 1134 1767 jam

83 1794 160 1849 duos
183 1807 277 1846 annos
299 1790 398 1861 patior
420 1791 533 1843 multos
563 1788 710 1857 ejusmodi
735 1788 871 1844 victoriae
896 1790 1134 1858 jactantissimus

84 1897 114 1940 et
141 1885 322 1941 vanissimos
352 1882 533 1951 gloriatores
561 1881 744 1952 rabidosque
768 1866 996 1952 criminatores,
1029 1883 1135 1938 deinde

84 1977 255 2041 contemni,
282 1977 407 2044 nescio,
434 1992 497 2047 quae
522 1983 629 2031 tartara
653 1974 726 2030 mihi
748 1977 908 2043 intentata,
926 1992 984 2048 pro
1008 1977 1134 2032 minimo

84 2080 150 2136 est,
169 2071 252 2145 ¹hanc
270 2087 377 2127 eorum
402 2072 569 2128 simulatam
590 2071 715 2140 gloriam
738 2071 859 2139 audire,
885 2083 1015 2142 quornm
1039 2073 1135 2141 magis

82 2166 239 2234 misereri,
258 2181 348 2236 quam
367 2165 469 2238 pigere
492 2173 641 2235 oporteat.
678 2163 757 2219 Nam
776 2166 800 2220 si
824 2153 1007 2221 conscientia
1027 2180 1134 2220 eorum

83 2263 162 2317 idem
185 2261 381 2332 gloriaretur.
408 2276 445 2315 ne
466 2260 604 2329 dubites,
635 2261 710 2321 foris
730 2276 828 2332 neque
847 2261 1063 2329 gloriarentur,
1082 2276 1135 2315 ne.

83 2373 142 2428 que
160 2341 401 2411 criminarentur.

149 2449 265 2504 Tamen
296 2459 329 2503 ut
358 2449 412 2504 tibi
438 2449 636 2516 satisfaciam,
662 2448 800 2504 breviter
823 2467 887 2503 rem
911 2451 1005 2520 ipsam
1026 2463 1135 2503 secun.

85 2543 156 2596 dum
182 2543 340 2596 veritatem
365 2543 554 2605 describam.
580 2544 671 2597 etita
696 2543 884 2610 describam,
914 2552 948 2595 ut
970 2541 1136 2609 intelligere

84 2635 208 2706 possis,
243 2635 474 2705 disputationem
503 2636 582 2689 illam
610 2636 701 2690 suIsse
736 2637 937 2706 perditionem
967 2635 1136 2703 temporis,

85 2744 146 2781 non
166 2727 388 2798 inquisitionem
404 2729 557 2782 veritatis:
582 2728 687 2782 deinde
715 2728 841 2783 Eccium
860 2727 1070 2797 Eccianosque
1096 2727 1136 2782 si.

86 2823 200 2877 mulare
223 2822 364 2890 ingloria
387 2822 482 2882 aliud,
504 2830 534 2872 et
555 2820 632 2874 uliud
652 2821 764 2876 sentire
786 2822 814 2875 in
834 2818 1028 2877 conscientia.
1054 2819 1136 2876 Nam

86 2927 228 2988 qnantum
256 2917 286 2971 in
308 2915 403 2970 Eccio
432 2915 510 2982 suit,
541 2913 605 2967 iere
625 2915 723 2969 nullus
742 2932 853 2985 scopus
873 2924 973 2969 tuctus
991 2908 1060 2970 esti
1087 2914 1136 2969 sin

85 3018 185 3068 tactus
208 3020 278 3079 est,
300 3026 361 3063 non
386 3008 441 3063 nisi
470 3007 633 3062 notissimis
657 3018 688 3061 et
718 3009 807 3076 vulgo
840 3009 1022 3079 proculcatis
1049 3025 1137 3078 argu.

85 3105 194 3159 mentis
218 3112 365 3159 certatum
390 3111 446 3156 est.
487 3100 565 3155 Num
588 3101 672 3156 Deus
693 3105 803 3169 novit,
829 3104 909 3171 quod
932 3112 1027 3158 totam
1048 3102 1138 3158 istt'm

48 3242 50 3247 .
87 3197 317 3254 conclusionum
333 3196 496 3252 cohortem
514 3197 610 3250 multo
628 3197 726 3251 acrius
747 3207 778 3252 et
797 3196 921 3252 validius
941 3199 1037 3251 nostri
1054 3196 1138 3251 wit.

86 3294 310 3361 tembergenses
330 3292 448 3347 duobus
469 3293 551 3345 urinis
573 3302 820 3361 oppugnaverunt
841 3293 928 3345 etita
946 3291 1138 3347 examinave-
1238 3321 1242 3327 ·

86 3396 175 3455 runt,
200 3398 233 3441 ut
253 3402 321 3442 ossa
342 3401 444 3440 earum
464 3401 622 3439 numerare
644 3386 780 3447 licuerit.
809 3401 881 3456 quas
899 3385 1011 3440 Ecciua
1033 3386 1087 3439 vix
1107 3385 1138 3439 iu

85 3479 163 3534 facie
187 3480 266 3535 cutis
292 3481 399 3534 leviter
422 3481 616 3549 perstrinxit:
642 3480 698 3532 nisi
721 3481 801 3549 quod
826 3479 921 3534 molto
945 3479 1054 3534 lortius
1078 3478 1138 3532 clu·-

84 3575 179 3628 mavit
199 3575 255 3628 una
273 3575 367 3634 hora,
397 3588 486 3643 quum
504 3588 560 3627 nos
581 3575 702 3639 integris
722 3574 841 3628 duobus
862 3576 963 3642 annis,
994 3591 1029 3628 tc
1048 3568 1139 3641 gesti..

84 3665 143 3722 bus
161 3668 330 3722 immaniter
344 3668 487 3721 fastuosis
501 3676 532 3721 et
552 3667 691 3734 gloriosis
711 3669 798 3723 etium
820 3669 971 3739 seipsum
994 3666 1139 3721 clamato.

86 3776 152 3815 rem
169 3776 312 3832 superare
329 3760 406 3814 velle
424 3762 503 3816 visus
520 3772 576 3816 est.
612 3762 665 3816 His
681 3762 759 3816 enim
775 3762 921 3820 moribus,
939 3770 1013 3814 'tane
1028 3756 1140 3828 quietis

87 3865 118 3908 et
137 3857 324 3927 tranquillis,
344 3856 496 3928 pacificam
516 3858 594 3911 illam
613 3871 642 3910 et
661 3856 689 3909 in
708 3858 827 3911 silentio
850 3873 884 3909 ac
903 3853 1047 3922 mysterio
1067 3866 1146 3921 pro..

87 3948 262 4004 fundissime
282 3951 527 4021 quietissimeque
553 3952 695 4004 latentem
721 3951 904 4016 theologiam
925 3945 1061 4016 quaesivit
1081 3943 1140 3998 hu-

87 4025 209 4115 rusque⁸
223 4043 354 4101 Ecciaua
376 4046 533 4101 modestia.
570 4045 615 4100 lta
634 4059 683 4099 me
703 4043 791 4098 Deus
813 4028 911 4108 amet,
929 4038 1016 4094 interi
1031 4046 1140 4105 cogor,
