2574 4732
577 297 695 392 lists
1112 314 1174 386 ass

117 525 120 529 «
192 485 327 558 Septimo
344 485 456 540 iterum
477 498 534 539 vos
552 481 703 553 proditis,
726 476 798 533 non
815 474 1010 552 annnnm
1021 474 1175 532 Francis·

116 595 198 637 »ωιτη
222 580 396 639 accusatis,
434 578 515 649 qnod
541 576 578 631 de
610 573 705 631 literis
738 571 1002 627 contentanelium
1032 572 1173 626 docuerit

123 685 240 746 stuppeo
258 672 458 728 retinaculum
480 669 602 755 facere,
617 679 648 724 et
670 665 861 739 prohibuerit
877 664 956 721 bona
977 681 1080 736 operat
1099 682 1174 722 con.

124 768 294 822 sessionem*
314 774 344 819 et
368 765 504 835 jejunis:
529 757 587 818 nec
612 762 777 834 pudescitie
802 759 857 830 ipsi
875 775 934 815 roe
957 760 1061 828 fateri,
1079 759 1173 831 .quod

116 862 194 916 talia
213 861 277 930 ipse
294 859 421 926 negavit·
435 855 532 912 vobis.
568 854 750 910 vosautem
773 856 809 909 etl
831 853 1048 910 detrahendum
1067 870 1176 911 accen.

123 956 170 1023 ei,
195 953 344 1008 accusatis
367 968 436 1005 eum
459 937 496 1005 tle
519 951 573 1017 iis,
605 965 670 1021 quse
692 948 854 1017 ignoratis,
886 963 952 1018 quse
974 947 1038 1018 ipse
1065 955 1172 1016 negat,

125 1064 191 1120 qnae
212 1048 339 1102 aliorum
359 1046 454 1100 teleta
473 1043 606 1099 audistis.
643 1043 672 1098 Ο
691 1041 911 1097 intolerabilem
931 1051 962 1096 et
982 1039 1173 1111 pestilentem

125 1141 337 1196 temeritatem.
373 1138 436 1192 Cur
456 1153 517 1192 non
537 1137 738 1207 expectastis,
757 1138 854 1193 donec
873 1135 1012 1191 sciretis?
1032 1133 1092 1188 Cur
1112 1151 1175 1192 non
1195 1128 1200 1137 ’

127 1250 162 1290 oe
182 1233 365 1288 virulentum
393 1230 564 1299 cohibetis,
591 1242 648 1286 nec
673 1228 699 1285 ei
721 1231 837 1300 neganti
859 1231 953 1299 magis
975 1228 1098 1284 creditis
1120 1245 1176 1301 pu.

125 1327 230 1395 blice,
266 1343 355 1397 quant
378 1327 442 1382 aliis
472 1325 691 1382 narrantibus?
723 1323 780 1380 Est
809 1326 865 1380 ists
894 1324 1025 1379 charitas
1051 1323 1184 1391 vestrai,
1271 1349 1278 1359 ’

126 1420 284 1477 Didicistis
310 1419 372 1475 hoc
397 1435 436 1474 ex
460 1419 562 1489 regulo
585 1419 708 1474 restra?
734 1418 816 1493 Quid
841 1417 998 1486 laceretis,
1025 1417 1049 1472 si
1069 1425 1099 1472 et
1116 1431 1174 1472 nos

125 1514 245 1587 publice
268 1530 324 1570 vos
342 1529 551 1569 accusaremus
577 1512 614 1567 de
635 1513 749 1581 magnis
769 1512 990 1583 horrendisque
1012 1512 1175 1579 monstris,

126 1626 190 1681 quea
216 1610 306 1678 vulgo
334 1609 372 1662 ‹le
402 1607 489 1662 vobis
510 1607 692 1677 jactentur?
721 1604 830 1660 Novus
857 1621 925 1660 mos
951 1605 1109 1660 accusandi
1132 1618 1173 1661 ex

117 1686 254 1759 ¹aliorum
274 1701 390 1769 relatu,
408 1715 448 1754 ex
466 1699 587 1772 propria
607 1697 801 1768 suspicione,
820 1712 859 1751 ex
880 1698 1040 1753 temeratio
1054 1694 1172 1767 judicio

126 1797 251 1852 fratrem
269 1803 427 1864 negantem
447 1809 503 1846 nec
521 1791 697 1847 convictum
715 1807 869 1846 accusare.
1150 1786 1153 1801 ²

116 1881 118 1885 ’
194 1889 223 1943 Si
242 1887 310 1941 laici
331 1895 468 1958 querunt
483 1885 521 1940 de
534 1884 650 1955 jejunio
665 1872 718 1939 'eut
732 1885 923 1941 confessione
939 1901 978 1941 ex
996 1872 1174 1958 Evangelio,

127 1990 211 2038 recte
227 1981 356 2048 faciunt,
376 1989 406 2035 et
419 1995 475 2035 vos
489 1979 630 2036 tenemini
644 1980 680 2035 sd
695 1979 941 2049 responsionem:
962 1978 1078 2037 debetis
1092 1981 1172 2037 enim

125 2077 206 2131 scire
231 2073 436 2144 Evangelinm.
471 2073 500 2128 Si
522 2090 582 2128 non
606 2074 734 2146 potestis
756 2074 958 2147 respondere,
979 2076 1105 2132 desinite
1119 2077 1173 2145 iis,

125 2169 177 2242 qui
195 2178 338 2240 possunt,
360 2169 531 2224 detrahere.

114 2310 117 2315 .
203 2263 318 2319 Ultimo
338 2264 421 2334 quod
439 2263 555 2321 Lector
571 2279 651 2318 uunc
667 2265 807 2335 negarit,
831 2265 957 2330 Papam
974 2262 1073 2321 solum
1092 2279 1172 2333 esse,

24 2406 35 2416 .
127 2357 278 2414 uicarium
299 2355 422 2427 Ornet,
439 2363 469 2410 et
482 2358 611 2412 Petrum
630 2374 693 2414 esse
712 2360 884 2429 principem
903 2358 1122 2428 Apostolorum
1138 2359 1173 2414 in

121 2457 294 2520 potestate,
324 2458 353 2504 et
379 2449 495 2505 nullum
520 2467 584 2506 esse
608 2467 714 2507 costam
740 2461 929 2509 reservatum
949 2457 1027 2522 jure
1056 2452 1172 2514 divino,

125 2553 209 2598 recte
238 2545 353 2598 dictum
386 2555 454 2599 ests
479 2546 555 2612 sed,
582 2555 615 2599 ut
642 2547 753 2613 rideo,
778 2547 923 2607 nescitis,
956 2546 1027 2615 qnid
1057 2544 1097 2599 sit
1119 2545 1172 2614 jns

127 2635 259 2690 divinum
278 2635 326 2689 vel
346 2636 398 2704 jus
419 2637 606 2692 humanum:
630 2647 661 2693 et
680 2640 753 2693 estis
771 2640 801 2692 in
820 2649 952 2708 utroque
964 2637 1083 2707 judices
1101 2652 1172 2691 cum

127 2727 244 2781 fiducia.
279 2726 356 2781 Jure
373 2727 474 2782 divino
490 2729 538 2793 (ut
554 2729 595 2782 D.
613 2730 815 2799 llieronymus
833 2731 935 2785 multis
954 2729 1030 2784 locis
1048 2727 1172 2799 probat)

125 2813 267 2891 Apostoli
285 2836 390 2875 omnes
410 2827 480 2876 sont
501 2822 642 2891 equales,
660 2822 802 2894 Episcopi
821 2837 925 2876 omnes
941 2831 1012 2877 sunt
1028 2822 1171 2893 aeqnsles:

126 2914 189 2969 imo
213 2914 293 2970 uddit
313 2913 392 2967 idem
414 2913 636 2983 Hieronymus.
665 2916 746 2986 qnod
773 2915 931 2987 presbyter
958 2923 989 2970 et
1012 2916 1172 2986 episcopus

119 3009 191 3079 jure
217 3007 318 3063 divino
340 3019 411 3062 sunt
436 3007 524 3061 idem.
570 3005 650 3081 Quid
671 3009 722 3063 hic
742 3008 879 3064 facietis?
903 3025 940 3062 nn
956 3008 1172 3078 Hieronymum

125 3100 338 3157 comburetis?
366 3117 402 3154 an
431 3101 494 3172 ipse
518 3118 639 3173 quoqne
662 3102 795 3158 tunicam
821 3101 1030 3157 inconsutilem
1055 3102 1173 3157 scindet

114 3194 234 3253 (tobias
261 3194 367 3263 Legite
388 3211 458 3249 eum
475 3195 506 3250 in
521 3195 648 3266 epistola
666 3197 701 3251 ad
719 3194 899 3264 Evagrinm,
920 3206 949 3249 et
967 3195 997 3249 in
1016 3209 1171 3250 commen.

115 3288 208 3344 tariis
230 3288 267 3343 ad
291 3287 397 3342 Titum
415 3299 445 3343 et
462 3287 633 3360 Ephesios,
657 3299 688 3344 et
708 3288 849 3344 videbitis
867 3299 1000 3344 vestram
1020 3289 1172 3358 negligen-

116 3381 195 3436 tiam
219 3390 249 3435 et
273 3382 485 3437 temeritatem.
528 3383 625 3451 Igitur
647 3382 729 3454 Papa
756 3384 855 3438 solnm
880 3383 1012 3438 humano
1028 3383 1098 3452 jure
1123 3390 1171 3438 est

114 3473 254 3533 ,vicarius
273 3473 404 3542 Christi,
431 3476 510 3531 sicut
528 3479 617 3532 etiam
633 3476 739 3532 Rome
751 3476 898 3548 scriptum
911 3485 958 3533 est
976 3477 1006 3531 in
1020 3475 1169 3543 Ecclesia,

123 3577 220 3621 matre
239 3570 392 3635 omnium,
423 3567 628 3626 Lateranensi.

191 3660 227 3715 lo
254 3659 311 3715 fine
338 3674 469 3730 expecto
496 3675 628 3718 vestram
656 3665 885 3736 responsionem
914 3662 1110 3735 quantocius,
1136 3666 1170 3713 ut

112 3753 237 3821 sciam,
256 3771 291 3808 an
310 3757 446 3810 cervices
466 3771 583 3813 vestras
604 3759 702 3814 velitis
723 3759 881 3818 inclinare.
911 3774 948 3812 sn
963 3757 1073 3810 erectis
1094 3767 1168 3808 con.

124 3854 170 3899 tra
198 3848 356 3902 veritatem
385 3866 526 3919 pugnare.
573 3851 655 3920 Ego,
696 3869 734 3908 ne
763 3851 929 3918 dubitetis,
965 3863 1020 3904 vos
1049 3847 1166 3914 egregie

123 3939 280 4011 tractabo,
306 3950 337 3995 et
358 3943 500 3999 omnibns
525 3960 676 4017 exponam
702 3947 809 4000 miram
830 3953 962 4000 vestram
978 3939 1164 4011 sapientiam.

89 4032 205 4094 ‘Bene
228 4035 345 4106 valete,
371 4045 401 4092 et
421 4037 576 4097 Dominus
600 4042 652 4098 det
676 4038 763 4096 robis
784 4046 869 4095 recte
891 4049 996 4108 sapere
1021 4041 1052 4089 et
1075 4031 1162 4090 vella.
