2574 4732
460 285 466 294 “
552 319 671 386 trae*
868 381 872 388 ,
1057 316 1119 384 les

76 476 226 535 Consultis
254 478 358 535 amicis
387 479 424 533 de
452 477 613 533 scribendo
640 477 675 531 nd
699 473 871 548 Principem
899 486 1037 534 nostrum
1063 492 1145 548 pro.

76 573 219 641 consilio,
247 573 366 627 invenio
394 588 582 643 nequaquam
602 570 666 625 fieri
689 585 779 640 posse
804 570 879 625 citra
899 572 1018 642 pietatis
1042 573 1121 643 peri.

77 666 196 734 culum,
224 677 258 720 ut
277 669 398 721 nomine
420 674 471 720 aut
488 673 563 720 voto
581 680 650 718 meo
670 679 775 735 pacem
798 663 935 718 offeram.
970 666 1045 721 Satis
1065 664 1122 720 ob.

72 750 130 814 'toli
154 759 315 835 hucusque
333 768 364 813 et
382 759 485 826 solus,
512 775 578 813 sum
594 772 714 828 semper
732 765 848 811 tractus
863 757 893 810 vi
911 756 939 811 in
955 760 1122 829 negotium,

76 868 134 907 oec
161 854 311 922 integrum
337 862 384 908 εει
408 850 563 908 remittere
587 867 727 920 manum,
753 851 850 906 donec
864 848 976 906 Eccius
996 852 1121 909 clamat:

78 963 176 1016 cogor
194 947 273 1001 enim
293 963 358 1001 rem
380 945 451 1002 Deo
470 947 678 1013 committere,
698 954 728 999 et
745 961 793 999 me
811 944 946 1016 praebere
966 944 1124 1018 ductilem,

53 1039 146 1103 ldatu
171 1038 287 1094 flatibus
308 1048 338 1094 ει
359 1040 499 1096 fluctibus
514 1055 601 1096 nave.
646 1039 745 1093 Unum
766 1054 909 1110 possum,
936 1054 1025 1092 orare
1045 1040 1126 1095 scili.

79 1145 130 1187 cet
152 1132 212 1188 Dei
239 1133 494 1190 misericordiam:
521 1136 588 1189 data
610 1144 655 1191 est
675 1136 748 1190 mihi
768 1136 853 1190 notio
873 1135 980 1187 futurae
1001 1132 1126 1202 alicujus

79 1226 201 1296 insignis
227 1227 353 1284 turbulae
369 1227 423 1298 ³),
454 1230 509 1285 nisi
536 1230 624 1286 Deus
650 1230 787 1285 Satanam
809 1228 1010 1302 prohibuerit.
1057 1225 1126 1283 Vidi

80 1322 278 1391 cogitationes
310 1323 374 1392 rjus
406 1323 665 1382 artificiosissimas
703 1325 732 1378 in
763 1323 873 1378 malum
906 1332 937 1378 et
963 1335 1067 1384 meum
1095 1329 1128 1382 ει
1204 1348 1208 1356 ,

79 1415 257 1471 multorum.
285 1414 366 1492 Quid
382 1417 446 1474 visi
464 1416 592 1472 verbum
608 1417 726 1489 pietatis
745 1404 896 1488 nunquam
910 1417 974 1471 sine
994 1414 1128 1486 turbine,

81 1509 229 1572 tumultu,
258 1511 392 1580 periculo
412 1511 534 1566 tractari
554 1512 663 1583 potuit.
706 1509 841 1564 Verbum
865 1519 912 1565 εει
929 1509 1131 1588 ἱείίηἰιειιηι.
1222 1553 1225 1561 ,

76 1602 212 1673 jestatis,
230 1620 335 1673 magna
356 1615 515 1675 operatur,
540 1614 570 1659 et
587 1613 634 1660 εει
653 1601 788 1659 mirabile
806 1603 836 1658 in
855 1601 921 1658 altis
941 1611 972 1656 et
994 1601 1130 1658 sublimi.

81 1695 155 1764 bus,
181 1706 215 1751 ut
242 1695 400 1769 Propheta
427 1698 515 1765 dicit,
541 1698 665 1768 pingues
691 1697 784 1753 lsrael
815 1697 928 1753 occidit
955 1704 986 1749 et
1013 1696 1130 1756 electos
1166 1707 1172 1721 ’

81 1791 146 1862 ε]ιιε
171 1792 305 1863 impedit.
352 1787 414 1845 nui
434 1808 507 1860 ergo
529 1792 746 1863 desperandum
767 1800 814 1846 εει
837 1791 874 1845 de
900 1806 973 1860 pace
997 1797 1028 1844 et
1048 1799 1131 1846 tran.

82 1884 228 1955 quillitate
253 1884 343 1956 hujus
373 1884 442 1951 rei,
478 1891 529 1940 aut
555 1884 684 1939 verbum
713 1883 880 1952 negandum
911 1892 965 1939 εει
1010 1883 1129 1942 Bellum

82 1977 209 2033 Domini
234 1987 300 2044 εει,
326 1977 455 2049 quinon
478 1978 558 2033 venit
576 1993 681 2049 pacem
702 1979 831 2035 mittere.
873 1976 923 2032 Tu
941 1993 1015 2045 ergo
1036 1993 1130 2046 cave,

83 2086 122 2124 nc
148 2050 264 2142 speres
278 2070 433 2126 Christum
453 2072 484 2126 in
505 2081 586 2126 terra
607 2072 780 2144 promoveri
802 2087 872 2125 cum
894 2086 968 2142 pace
986 2079 1016 2124 et
1035 2071 1133 2127 soavi.

84 2172 171 2231 tate,
201 2181 291 2236 qoem
311 2146 394 2221 vides
422 2166 545 2237 proprio
570 2167 711 2234 sanguine
731 2180 895 2237 pugnasse,
920 2173 950 2219 et
972 2172 1041 2235 post
1061 2180 1132 2220 eom

85 2252 190 2331 omnes
207 2270 363 2329 martyres.
399 2259 465 2328 Ego
489 2261 662 2331 imprudens
685 2259 843 2331 hucusque
863 2259 962 2316 omniu
980 2258 1132 2316 «Iohannis
1227 2279 1232 2285 ·

83 2349 165 2409 Huss
184 2361 214 2406 ει
232 2354 322 2409 docui
342 2364 373 2408 et
390 2354 490 2410 tenui:
510 2354 613 2410 docuit
631 2354 735 2408 eadem
752 2353 951 2426 imprudentia
970 2362 999 2408 et
1014 2352 1134 2408 dohan.
1239 2349 1241 2358 ⁴

86 2462 140 2501 nes
159 2446 288 2519 Staupitz
303 2467 310 2502 :
328 2447 463 2503 breviter
484 2463 588 2504 sumus
607 2463 712 2504 omnes
729 2448 858 2504 llussitaa
876 2448 1063 2515 ignorantes:
1082 2448 1134 2501 do.
1275 2431 1278 2438 ¹

87 2540 178 2609 nique
197 2534 308 2594 Padlus
327 2550 357 2593 et
371 2541 555 2608 Augustinus
575 2542 611 2595 ad
636 2540 764 2596 verbum
789 2548 860 2595 sunt
885 2539 1023 2593 Hussitae.
1058 2537 1135 2606 Vide

89 2643 244 2698 monstra,
271 2647 372 2701 quaeso
383 2671 393 2699 ,
420 2636 450 2687 in
469 2649 533 2707 quae
551 2636 687 2688 venimus
705 2634 770 2688 sine
787 2634 863 2686 duce
883 2640 913 2684 et
931 2633 1059 2685 doctore
1076 2629 1138 2684 Bo.

69 2714 237 2793 'hemicor
252 2720 318 2790 Ego
337 2740 397 2793 prae
415 2733 539 2794 stupore
558 2727 680 2794 nescio,
697 2725 768 2796 quid
786 2724 935 2793 cogitem,
952 2723 1056 2778 videns
1074 2731 1137 2777 tam
1210 2790 1215 2797 1

90 2809 236 2875 terribilia
254 2817 313 2871 Dei
327 2817 437 2885 judicia
456 2818 485 2870 in
503 2816 695 2883 hominibus,
721 2817 802 2888 quod
831 2816 941 2872 veritas
967 2815 1139 2885 evangelica
1174 2882 1176 2887 Ι
1220 2816 1221 2820 ’

90 2912 277 2985 apertissima
299 2911 362 2980 jam
384 2909 504 2980 publice
536 2911 602 2982 plus
629 2920 751 2970 centurn
784 2912 865 2967 annis
896 2919 1003 2992 exusta
1031 2909 1137 2984 prob)

92 3011 229 3066 damnata
246 3006 394 3074 habetur,
416 3021 473 3062 nec
491 3005 563 3061 licet
579 3005 642 3062 hoc
659 3005 806 3062 confiteri.
842 3004 904 3059 Vae
922 3014 1019 3060 terro.
1052 3003 1138 3064 Vale·

823 3141 827 3147 -
895 3097 990 3158 Mart.
1008 3097 1176 3158 Lutherw
1234 3190 1237 3195 ι

147 3395 178 3441 ι)
200 3389 296 3437 dudd.
316 3390 456 3446 nubecula,
473 3388 520 3438 tini
535 3389 632 3437 turbela
651 3388 796 3438 attilanis.

152 3469 184 3519 b)
213 3471 285 3518 cod.
303 3470 371 3524 Jtn.
396 3478 430 3522 tt.
