2574 4732
588 335 690 400 tata:
835 326 860 336 “’
1098 329 1165 406 117·

112 488 304 561 violentum)
321 500 356 548 ιιι
369 483 490 556 manime
506 494 787 549 transmutationem
804 491 912 548 mentis
929 498 960 547 et
977 492 1103 562 affectus
1124 493 1165 547 si.

115 583 251 655 gnificet,
274 586 355 658 quod
369 601 430 642 uon
445 587 538 642 modo
554 587 682 642 affectus
690 589 907 654 mutationem,
925 587 978 641 sed
993 595 1024 640 et
1038 576 1175 642 modum?

113 679 269 749 mutandi,
286 679 315 735 id
340 689 403 747 eat,
421 679 546 750 gratiam
567 679 628 734 Dei
649 679 806 737 videbatur
824 681 951 749 spirare.
982 678 1062 734 Nam
1081 689 1170 735 tran..

115 772 193 829 ritus
208 773 258 828 ifle
276 775 405 838 mentis,
427 774 540 843 idest,
557 773 712 830 verissima
731 772 922 847 paenitentia,
948 772 1162 831 celeberrimus

115 873 166 921 eat
191 865 222 920 in
247 867 341 923 sacris
368 866 485 936 literis,
508 875 543 923 ut
574 882 666 939 quem
687 867 780 938 phase
810 867 883 922 iliud
910 878 1064 926 vetustum
1090 870 1163 926 oiim

115 958 314 1030 significavit,
334 959 473 1017 Christus
493 960 651 1030 exhibuit,
671 974 701 1017 et
720 960 808 1029 louge
829 968 898 1016 ante
916 961 1071 1018 Abraham
1087 979 1162 1036 quo.

117 1068 179 1126 qne
202 1053 360 1125 figuravit,
386 1058 504 1128 quando
536 1057 700 1124 transitor,
741 1055 771 1110 id
796 1065 868 1124 est,
902 1054 1028 1112 Ebraeus
1060 1059 1163 1113 vocari

69 1214 79 1230 .
116 1148 228 1220 cupit,
255 1149 400 1220 trajectus
431 1150 547 1206 scilicet
579 1150 609 1204 in
641 1147 915 1222 Mesopotamiam,
943 1160 976 1204 ut
997 1149 1166 1219 ‘surgentis

116 1242 209 1298 docta
225 1245 332 1300 docet:
350 1243 422 1307 huic
440 1254 470 1300 et
484 1244 587 1300 titulus
603 1242 653 1299 iile
668 1242 780 1298 Psalmi
797 1243 940 1313 concinit,
959 1243 1010 1299 ubi
1028 1244 1163 1313 idithun,

116 1336 149 1393 id
166 1347 231 1407 est,
247 1338 417 1396 transiliens
431 1348 568 1394 cantator
584 1336 743 1392 inducitur.
1133 1323 1135 1327 ⁷

185 1431 240 1487 His
263 1431 411 1487 inhaerens
439 1448 527 1488 ausus
550 1446 621 1487 sum
644 1410 775 1501 putare,
803 1447 856 1488 eos
881 1432 972 1489 falsos
996 1448 1081 1502 esse,
1113 1432 1190 1505 qui.

117 1523 262 1595 operibus
281 1525 460 1595 poenitentiae
480 1534 597 1580 tantum
629 1522 815 1587 tribuerunt,
842 1534 878 1580 ιιι
908 1527 1086 1596 poenitsntiae
1111 1527 1170 1582 vim
1208 1598 1212 1605 Ι

116 1615 268 1689 reliquum
281 1617 370 1675 uobis
389 1619 535 1686 fecerint,
564 1626 674 1690 prester
691 1617 812 1684 frigidas
825 1619 968 1688 quasdam
986 1620 1167 1676 satisfactio.

117 1726 173 1767 nes
191 1720 223 1767 et
237 1710 505 1789 laboriosissimam
524 1709 771 1776 confessionem,
801 1709 908 1766 Latino
931 1711 1049 1767 scilicet
1075 1727 1168 1769 voca.

117 1803 192 1861 bulo
207 1804 347 1862 abducti:
366 1804 449 1876 quod
462 1803 667 1875 poeuitcntiam
678 1818 777 1872 agere,
794 1803 943 1859 actionem
960 1805 1053 1874 magis
1067 1814 1168 1875 sonet,

119 1915 214 1970 quam
245 1899 447 1953 mutationem
471 1897 621 1966 affectus,
653 1905 684 1952 et
714 1896 825 1954 Graeco
856 1898 898 1957 iiii
933 1899 1059 1963 arnensis
1084 1900 1169 1955 nullo

117 1993 215 2049 modo
232 1990 387 2047 satisfacit.
706 1976 707 1979 ¹

189 2084 261 2140 Hac
276 2100 341 2138 mea
358 2101 428 2141 cum
444 2087 488 2142 sic
506 2085 637 2142 ferveret
652 2085 828 2157 meditatio,
855 2102 928 2144 ecce
942 2087 1045 2145 subito
1066 2102 1168 2161 coepe.

119 2188 192 2234 runt
209 2178 325 2234 circum
343 2195 400 2236 nos
415 2190 569 2252 strepere,
588 2181 648 2236 imo
663 2180 801 2249 ciangera
824 2198 902 2237 nova
918 2182 1168 2254 indulgentiarum

119 2272 245 2328 classica
272 2279 303 2326 et
331 2274 543 2330 remissionum
572 2273 729 2343 buccina,
769 2275 879 2347 quibus
902 2287 1003 2333 tamen
1036 2295 1098 2335 nou
1129 2277 1167 2333 ad

119 2375 276 2423 strenuum
288 2365 359 2422 belli
375 2368 507 2424 studium
528 2368 745 2426 animaremura
762 2368 917 2440 breviter,
935 2371 1072 2442 neglecta
1087 2384 1168 2427 verae

120 2460 300 2530 punitentia
324 2461 480 2531 doctrina,
509 2464 584 2518 adeo
612 2463 803 2534 magnificare
825 2475 1077 2538 praesumserunt,
1106 2483 1169 2523 nou
1274 2520 1281 2527 .

120 2555 344 2630 peonitentiam,
360 2573 422 2612 uon
444 2556 551 2612 saitem
567 2557 741 2613 vilissimam
759 2559 823 2628 eJ'us
839 2570 974 2629 partem,
997 2575 1062 2626 quas
1081 2560 1169 2615 satis.

120 2650 213 2705 factio
234 2649 362 2717 dicitur,
389 2650 442 2705 sed
457 2649 591 2721 ejusdem
609 2651 757 2706 vilissima
775 2651 868 2721 partis
888 2651 1114 2718 remissionem,
1133 2658 1169 2706 ut

120 2758 272 2815 nunquam
289 2742 329 2798 sit
346 2743 389 2798 ita
405 2743 586 2812 magnificari
605 2744 715 2799 audita:
736 2744 864 2814 denique
881 2743 969 2816 impia
987 2751 1018 2800 at
1031 2732 1078 2817 ²‘)'
1098 2743 1171 2798 falsa

122 2846 154 2892 et
183 2836 324 2892 haeretica
356 2834 517 2905 docebant,
554 2843 635 2890 tanta
666 2837 826 2892 autoritate
862 2835 1057 2901 (temeritate
1087 2837 1169 2895 volui

123 2929 266 3003 dicere),
285 2939 319 2985 ut
341 2929 392 3001 qui
417 2929 465 2983 vei
493 2939 600 2984 contra
621 2929 766 3010 mutiret,
789 2929 891 2984 statim
914 2928 1094 2999 haereticus,
1110 2930 1170 3000 igni

121 3024 253 3080 devotus
275 3033 370 3084 esset,
391 3032 423 3078 et
439 3031 555 3078 aterna
572 3023 790 3080 maledictionis
807 3039 889 3079 reus.

192 3115 259 3185 Ego
286 3116 398 3173 horum
425 3118 521 3173 furori
549 3133 713 3173 occurrere
743 3135 804 3174 nou
834 3126 963 3190 patens,
990 3117 1080 3174 statui
1104 3133 1171 3174 mo.

123 3212 208 3268 deste
224 3209 263 3278 b)
290 3211 333 3267 eis
351 3211 526 3279 dissentire,
555 3220 585 3266 et
602 3212 632 3267 in
649 3213 776 3268 dubium
789 3228 902 3270 vocare
920 3228 1027 3268 eorum
1048 3214 1171 3283 dogma.

46 3296 55 3306 '
124 3315 169 3368 ta,
195 3305 291 3361 fretus
322 3305 454 3361 omnium
478 3306 639 3362 doctorum
664 3307 817 3378 totiusque
841 3305 986 3362 Ecclesiae
1008 3309 1170 3376 sententis,

124 3400 208 3472 quod
231 3399 321 3456 etiam
341 3401 515 3456 satisfacere
537 3400 643 3456 meiius
669 3401 732 3469 sit,
758 3416 847 3474 quam
868 3400 1102 3458 satisfactionem
1122 3419 1172 3458 re.

123 3493 222 3561 mitti,
240 3492 270 3549 id
288 3500 352 3563 est,
368 3493 564 3563 indulgentias
579 3495 744 3550 redimere:
765 3510 822 3549 nec
839 3503 885 3550 est
902 3494 997 3566 ullus,
1014 3496 1064 3568 qui
1085 3495 1172 3563 aliter

124 3602 258 3659 unquam
280 3587 395 3644 docuit.
436 3589 541 3659 Itaque
564 3587 729 3660 disputavi,
753 3588 782 3646 id
808 3597 871 3656 est,
898 3603 1027 3655 summa,
1056 3589 1172 3657 medin,

126 3680 225 3738 infima
250 3682 348 3738 omnia
374 3681 405 3738 in
428 3683 539 3737 maium
561 3683 665 3754 capitis
689 3681 749 3738 mei
777 3682 911 3751 irritavi,
941 3692 1087 3759 quantum
1117 3697 1172 3752 per
1209 3717 1210 3720 ,

125 3773 185 3832 hos
211 3777 405 3849 pecuniarum
436 3775 533 3844 (heus
548 3777 722 3861 ⁴animarum
741 3777 900 3835 dicendum
920 3774 999 3848 fuit)
1025 3775 1172 3843 zelatores

180 4005 212 4053 a)
240 4003 459 4059 Aurora-et.

177 4079 212 4133 i)
240 4079 465 4140 nascent-ai.
