2574 4732
592 316 680 379 1518.
1103 316 1164 379 185

183 473 320 550 Quodsi
341 489 390 528 me
413 471 608 527 fraterculum
629 481 659 527 et
679 471 849 527 mendicum
867 488 928 543 prae
949 471 1038 528 nimia
1057 474 1163 528 condi.

112 568 206 624 tionis
225 585 299 623 meae
321 569 433 623 vilitate
453 569 669 623 contemserint
684 565 812 634 docere,
830 574 862 620 et
882 566 912 621 in
932 567 1011 620 viam
1026 567 1162 623 veritatis

113 663 282 717 reducere:
302 679 374 732 age,
393 663 479 717 saciat
497 672 546 715 tua
564 657 760 716 illustrissima
783 657 956 726 Celsitudo,
976 668 1005 714 et
1026 670 1093 716 oret
1115 677 1165 716 re·

113 756 365 811 verendisaimum
379 756 547 811 Dominum
562 755 725 823 Legatum,
747 761 780 806 ot
795 751 899 806 saltem
915 760 972 805 tuae
988 752 1163 809 Celsitudiui

114 846 245 917 scribat,
264 848 415 921 inquibus
431 849 612 916 erraverim,
631 859 660 902 et
678 845 832 920 quomodo
847 861 896 899 me
911 861 1047 900 errorem
1062 862 1163 901 emen.
1253 831 1257 837 ¹

78 986 81 991 .
116 942 188 996 dare
203 952 357 1013 oporteat,
378 954 410 997 ut
429 944 534 997 saltem
553 958 607 1013 per
624 942 854 997 illustrissimam
875 949 957 994 tuam
972 939 1164 995 Dominatio.

115 1051 186 1089 nean
208 1036 310 1089 audire
328 1052 465 1103 merear,
482 1036 590 1107 quibus
613 1035 806 1102 rationibus,
830 1033 938 1106 quibus
955 1024 1165 1090 autoritatibus
1206 1055 1211 1064 ·

118 1142 254 1183 errorem
280 1144 382 1183 mcum
407 1130 564 1184 confutare
588 1130 713 1199 possint.
760 1127 852 1200 Quod
874 1130 901 1184 si
920 1128 1009 1182 etiam
1029 1127 1167 1183 illustris.

49 1258 53 1265 .
118 1221 200 1275 simae
229 1231 287 1276 tua
312 1223 518 1278 Dominationi
547 1223 609 1278 hoc
638 1223 874 1293 denegaverint,
901 1221 1035 1276 scribant
1064 1220 1093 1275 id
1115 1220 1166 1275 vel
1200 1248 1206 1259 =

118 1313 297 1385 Imperatori
312 1317 358 1371 vol
374 1317 613 1388 Archiepiseopo
630 1318 717 1373 alicui
736 1318 765 1371 in
785 1315 956 1372 Germania.
988 1314 1070 1388 Quid
1084 1315 1165 1370 enim

120 1407 197 1463 aliud
212 1425 334 1480 possum
354 1411 477 1468 laceret
497 1410 578 1465 Mira
597 1426 645 1465 res
665 1419 727 1471 est,
747 1410 827 1481 quod
847 1423 964 1464 errasse
983 1424 1112 1476 arguor,
1131 1416 1163 1462 et

121 1500 257 1557 obtinere
275 1521 334 1559 non
356 1521 497 1575 possum,
515 1520 573 1558 nec
586 1521 641 1577 per
653 1511 770 1560 tautum
786 1501 977 1580 Principem,
998 1500 1165 1572 inquibus,
1202 1535 1211 1551 ι

120 1605 151 1649 et
168 1613 260 1667 quare
279 1599 334 1669 ipsi
353 1614 401 1651 me
421 1614 538 1652 errasse
557 1605 673 1668 putent.

187 1689 293 1745 Videat
314 1692 403 1759 igitur
425 1700 476 1745 tua
493 1691 692 1746 illustrissima
713 1688 910 1744 Dominatio:
935 1688 1166 1759 disputationem

120 1782 269 1854 publicam
294 1784 367 1838 mihi
390 1791 478 1851 negat
509 1783 620 1854 (quana
648 1797 744 1851 usque
769 1779 861 1837 hodie
890 1782 938 1837 vel
965 1781 1091 1853 Lipsiae,
1118 1782 1167 1837 vel

118 1875 286 1943 Erfurdiae,
313 1877 359 1930 vel
379 1876 494 1940 italiis,
515 1876 563 1931 vel
587 1874 806 1944 Magdeburgi,
838 1875 887 1930 vel
911 1873 1082 1947 ubicunque
1110 1885 1168 1932 ture

119 1967 344 2022 Dominationis
368 1967 447 2021 valet
477 1968 655 2040 imperium,
685 1986 739 2026 seu
767 1971 866 2026 salvus
893 1970 1078 2035 conductus,
1107 1986 1169 2024 non

120 2062 280 2127 detrecto,
305 2061 376 2129 quin
401 2061 490 2116 etiam
520 2078 595 2131 oro,
620 2073 650 2119 et
673 2067 786 2120 utinam
813 2060 988 2131 exorem),
1021 2064 1167 2135 privatam

119 2154 258 2209 similiter
279 2164 382 2223 negat,
408 2153 437 2209 ln
461 2157 582 2228 seriptis
609 2160 699 2214 etiam
722 2174 858 2214 errorem
885 2158 1044 2214 ostendere
1060 2166 1167 2229 neget,

121 2257 251 2318 quatuor
277 2249 543 2305 illustrissimorum
571 2252 798 2307 Academiarum
822 2252 934 2323 judicia
960 2263 1090 2309 recusat.
1137 2252 1167 2308 Si

121 2342 247 2395 nuncid
272 2343 374 2411 addat,
401 2352 435 2397 ut
456 2343 644 2401 illustrissimi
666 2363 701 2401 ac
721 2347 920 2417 potentissimi
943 2345 1094 2418 Principis
1115 2362 1168 2417 pc.

122 2435 242 2490 titiones
257 2438 386 2506 rejiciat:
406 2439 561 2507 quomodo
579 2455 702 2511 possum
723 2441 801 2496 aliud
818 2456 908 2512 quam
927 2455 1041 2496 meram
1055 2440 1117 2494 vim
1138 2448 1169 2494 et

124 2528 241 2584 insidias
256 2532 421 2601 suspicari?

189 2622 303 2676 Iterum
326 2640 381 2691 ego
404 2640 524 2695 quoque
547 2635 636 2697 atque
655 2627 763 2681 iterum
783 2634 813 2680 et
837 2626 928 2681 tertio
950 2626 1060 2679 iterum
1079 2639 1167 2693 rogo,

121 2713 271 2769 illustriss.
289 2715 465 2771 Dominatio
484 2727 533 2772 tua
553 2736 613 2774 non
635 2721 738 2775 credat
760 2721 812 2787 iis,
831 2721 881 2788 qui
901 2721 1007 2773 dicunt
1031 2718 1168 2773 Fratrem

122 2807 290 2863 Martinum
309 2811 385 2864 male
406 2812 533 2879 dixisse,
556 2822 712 2884 autequam
732 2814 867 2867 audiatur
881 2822 911 2866 et
930 2813 1075 2866 doceatur
1092 2812 1169 2866 male

123 2903 245 2958 dixisse.
279 2903 401 2959 Erravit
421 2905 551 2974 Petrus,
570 2908 659 2962 etiam
675 2916 745 2977 poet
766 2914 925 2975 acceptum
942 2905 1079 2976 spiritum
1102 2920 1169 2959 san.

123 3007 225 3052 ctum:
257 2998 345 3053 etiam
370 3015 470 3054 errare
492 3010 593 3072 potest
617 3017 693 3056 unus
723 2998 913 3067 Cardinalis,
953 2997 1170 3069 quantumlibet

126 3093 244 3149 doctus.

193 3188 336 3243 consulat
361 3190 448 3258 igitur
473 3190 670 3246 illustrissima
698 3189 875 3245 Dominatio
906 3198 956 3243 tua
981 3188 1091 3243 honori
1112 3203 1170 3242 saro

126 3290 155 3336 et
180 3284 370 3337 conscientiae
399 3299 476 3346 sure,
504 3300 565 3338 non
596 3284 743 3338 mittendo
774 3299 822 3337 me
847 3283 883 3337 ad
910 3282 1028 3338 urbem.
1070 3282 1168 3338 Homo

126 3377 204 3430 enim
223 3393 283 3430 non
302 3375 393 3432 habet
413 3378 475 3432 hoc
494 3379 632 3433 mandare
652 3378 858 3433 illustrissimae
876 3376 1082 3432 Dominationi
1101 3388 1170 3444 tua,

126 3470 247 3524 comsit
263 3470 468 3543 impossibile,
484 3482 643 3528 metutum
662 3473 730 3527 fore
746 3474 774 3526 in
793 3471 883 3526 urbe:
904 3482 933 3527 et
952 3472 981 3526 id
1001 3471 1073 3526 nihil
1092 3471 1171 3526 uliud

127 3572 206 3618 esset
224 3580 312 3635 quam
330 3565 536 3637 illustrissimae
551 3566 758 3622 Dominationi
776 3573 833 3620 ture
849 3566 1006 3633 mandare,
1025 3576 1058 3620 ut
1074 3565 1173 3620 trude.

126 3667 174 3712 ret
195 3659 368 3728 sanguinem
392 3660 572 3729 Christiani,
602 3662 734 3716 etfieret
753 3660 921 3716 homicida:
952 3661 1003 3715 ubi
1024 3676 1080 3714 nec
1108 3659 1172 3730 ipse

64 3746 68 3753 '
126 3766 262 3808 aummue
278 3752 422 3808 Pontifex
443 3755 598 3811 satistuto
619 3757 703 3814 vivit.
746 3755 864 3812 Habent
881 3770 1023 3826 papyrum
1046 3763 1076 3806 et
1096 3751 1174 3805 cala.

125 3860 194 3901 moe
224 3858 255 3902 et
287 3857 483 3904 atramentum
516 3851 546 3906 in
580 3851 680 3921 urbe,
716 3851 830 3907 habent
855 3849 984 3905 infinitos
1014 3845 1172 3899 notarios:

127 3940 214 3998 facile
234 3942 292 3998 erit
311 3944 340 3999 in
360 3960 503 4017 papyrum
520 3946 657 4016 signare,
673 3945 827 4018 inquibus
843 3950 873 3998 et
889 3955 982 4014 quare
998 3936 1174 3995 erraverim.
