2574 4732
195 303 257 374 276
678 307 767 379 1519.
1121 288 1137 369 .¹

194 466 369 533 interregno
389 476 427 517 ne
447 461 545 533 poerit
564 462 687 533 quidem
707 464 759 522 alli
777 466 877 521 salsus
897 465 1066 522 conductus
1087 468 1243 537 prestari,

192 556 359 631 presertim
377 555 517 611 mrhi'tot
535 555 662 613 inimicis
680 559 822 630 appetito.
879 564 883 573 '

262 648 391 705 Accedit
420 648 456 704 nd
481 648 562 719 hoc,
589 650 671 722 qtind
689 642 906 729 jam'pnlenni's
934 651 1119 726 disputatio,
1150 672 1243 727 quam

191 744 267 802 mihi
282 736 551 799 reverendissimus
567 736 725 800 Domlnns'
737 744 901 801 cardinalis
916 747 1057 815 Augustae
1071 748 1242 822 denegavit,

192 836 300 910 Lipsiae
319 834 426 898 instat,
447 834 548 892 oblata
571 837 608 891 ab
632 836 774 916 dohanne
794 836 905 907 Eccio,
931 857 946 893 a
972 856 1030 911 qua
1051 841 1075 896 si
1097 857 1146 896 me
1168 843 1243 899 sub.

192 931 363 989 traherem,
383 928 652 1001 quantalibntj'usta
666 942 773 1001 canta,
793 948 939 988 summum
955 934 1148 1003 ignominiam
1165 938 1240 995 mihi

192 1024 393 1095 omnibusque
419 1022 543 1091 amicis,
575 1024 647 1096 quin
672 1034 703 1079 et
730 1009 932 1082 illustrissimo
957 1027 1090 1101 Principi
1112 1043 1240 1102 nostro,

192 1119 310 1190 totique
332 1116 440 1173 Ordini
464 1133 534 1173 meo
561 1126 592 1171 et
616 1117 809 1175 Universitati
832 1121 994 1177 inurerem.
1040 1122 1180 1197 Denique
1208 1127 1240 1182 in

191 1213 250 1270 hac
269 1218 371 1284 potest
391 1223 443 1264 ree
461 1209 519 1265 ists
534 1217 702 1266 coramtot
718 1213 817 1268 doctis
836 1214 910 1269 viris
925 1224 956 1269 et
976 1223 1038 1270 tam
1055 1218 1117 1272 aori
1137 1218 1239 1291 dispu-

191 1306 304 1362 tatione
334 1304 438 1376 purius
465 1310 496 1358 et
523 1301 689 1365 absolutius
718 1306 904 1375 examinari,
933 1323 1023 1379 qnam
1053 1311 1101 1364 vel
1132 1327 1239 1368 coram

191 1397 431 1471 Aruhiepiscnpn
445 1392 495 1450 vel
511 1393 680 1452 cardinales
700 1406 735 1452 nt
753 1408 887 1469 prestet,
911 1400 1010 1458 omnis
1031 1401 1121 1472 hujus
1140 1418 1238 1460 causae

192 1492 312 1571 negotia
330 1491 396 1547 sisti
406 1528 417 1559 ,
446 1506 536 1562 quam
554 1490 632 1545 hanc
651 1491 882 1565 disputationem
900 1493 1047 1565 impediri.

261 1585 338 1639 Cum
355 1592 455 1639 autem
468 1591 499 1640 et
513 1583 770 1657 Archiepiscopus
781 1586 821 1641 sit
838 1585 965 1642 Elector
978 1588 1118 1660 Imperii,
1135 1608 1237 1647 nonne

194 1680 302 1737 absens
326 1693 393 1733 esse
415 1685 544 1747 cogetur
565 1678 594 1733 in
622 1678 652 1734 id
678 1679 846 1751 temporie?
872 1679 1006 1736 Absentn
1030 1693 1131 1738 autern
1153 1684 1236 1756 ipso,

191 1789 256 1847 quae
274 1772 389 1828 tutela?
415 1788 480 1844 qun
498 1786 594 1827 canere
611 1775 750 1830 tractatio
767 1772 831 1829 lieri
850 1776 972 1846 potest?

258 1867 316 1922 Sed
342 1880 415 1934 age,
441 1867 501 1921 sint
523 1865 571 1921 illa
600 1867 700 1921 omnia
728 1867 835 1938 planae
869 1877 968 1923 tamen
995 1885 1098 1925 coram
1124 1871 1162 1926 R.
1191 1871 1235 1928 D.

191 1961 348 2029 cardinale
370 1959 442 2014 nolo
463 1958 542 2013 hanc
563 1974 684 2029 causam
705 1961 768 2029 agir
786 1961 859 2017 nolo
881 1978 950 2017 eum
972 1975 1166 2034 praesentem,
1182 1980 1235 2018 ne.

190 2071 249 2127 qne
270 2054 376 2123 dignus
388 2059 451 2120 est,
471 2061 505 2105 ut
523 2051 574 2122 qui
591 2067 640 2105 me
657 2068 674 2105 a
691 2051 748 2108 lide
763 2053 926 2110 christiana
946 2059 1073 2112 tentavit
1091 2059 1234 2125 Augustae

127 2214 131 2219 Ι
188 2144 371 2203 deturbare:
401 2159 458 2212 ego
481 2158 551 2197 eum
578 2143 685 2225 dubito
713 2159 780 2205 esse
807 2146 991 2202 catholicum
1016 2149 1234 2206 Christianum.

186 2240 289 2310 Atque
311 2237 336 2293 si
357 2235 453 2299 otium
472 2234 583 2301 fuerit,
605 2234 738 2291 scribam
757 2237 794 2292 ad
815 2237 986 2294 Romanum
1005 2239 1184 2295 Pontificem
1201 2253 1233 2297 et

185 2330 325 2392 dominos
337 2326 520 2388 Cardinales,
534 2341 569 2381 ac
582 2342 744 2395 coarguam
760 2344 841 2398 enm,
859 2330 884 2385 si
898 2332 1040 2402 seipsum
1053 2348 1114 2386 non
1129 2348 1231 2386 emen.

185 2424 263 2481 darit
288 2424 319 2478 in
343 2419 503 2487 omnibus,
528 2418 638 2490 quibus
661 2422 824 2479 foedissime
844 2432 933 2479 erret.
972 2423 1075 2480 Doleo
1097 2425 1229 2491 Legatos

184 2518 265 2575 sedis
279 2515 462 2588 Apostolican
478 2513 551 2568 tales
568 2529 657 2577 esse,
686 2515 736 2585 qni
752 2514 905 2572 Christum
921 2517 1042 2572 abolere
1057 2519 1228 2578 moliantur.

251 2611 306 2669 llis
329 2610 429 2681 itaque
449 2607 547 2662 causis
572 2623 686 2679 spero,
717 2610 758 2665 mi
776 2611 935 2678 Domine,
964 2612 1045 2682 quod
1061 2612 1229 2681 justissime

183 2705 241 2763 sim
263 2713 443 2769 excusatus,
470 2700 574 2756 sinon
595 2718 725 2758 venero:
752 2721 790 2757 ne
804 2701 839 2770 ²)
864 2704 969 2758 addam
992 2713 1023 2758 et
1041 2704 1127 2769 illud,
1147 2708 1229 2777 quod

181 2814 277 2870 nuper
295 2797 416 2868 quidam
436 2795 618 2865 sycophanta
641 2795 717 2865 apud
738 2812 794 2852 nos
817 2797 874 2851 fuit
888 2798 990 2853 multis
1009 2798 1105 2853 literis
1121 2801 1228 2854 sirffar.

181 2895 322 2961 cinarus,
349 2890 486 2962 quaereus
509 2901 554 2948 te,
582 2889 688 2943 deinde
709 2906 776 2958 me,
808 2891 858 2961 qui
879 2892 1003 2946 multam
1024 2893 1226 2963 suspicionem

180 2986 313 3055 reliquit,
331 2984 450 3038 insidias
462 2983 534 3037 mihi
548 2983 678 3054 undique
693 2993 823 3053 paratas:
843 2985 971 3056 denique
986 2986 1088 3054 fugere
1102 2999 1226 3042 coactus

181 3096 245 3148 est,
261 3098 298 3136 ne
315 3081 346 3134 in
361 3078 460 3134 Albim
480 3088 642 3144 cogeretur
662 3076 788 3131 saltare:
808 3077 1019 3148 paululumque
1039 3078 1151 3148 abluit,
1170 3083 1226 3137 nisi

179 3192 236 3230 nos
257 3172 493 3238 restitissemus,
526 3169 597 3239 quin
620 3168 806 3238 interpretati
832 3169 978 3239 fuissent,
1002 3182 1054 3225 tuo
1073 3176 1175 3230 studio
1196 3175 1225 3229 id

179 3269 316 3331 iactum,
344 3264 474 3318 maxime
503 3277 573 3315 cum
601 3261 794 3330 audiremus,
825 3272 854 3316 te
881 3263 979 3316 adhuc
1004 3263 1033 3317 in
1064 3265 1225 3322 Germania

179 3361 339 3417 desidere,
368 3357 417 3426 qui
445 3353 533 3409 nobis
561 3354 748 3422 promisisti,
779 3366 861 3407 recta
892 3356 939 3409 via
963 3365 992 3411 et
1020 3358 1048 3413 in
1074 3358 1160 3415 brevi
1188 3361 1224 3416 ad

178 3452 284 3507 urbem
311 3460 342 3504 te
365 3448 585 3519 profecturum.
628 3445 672 3501 lta
699 3445 747 3513 fit,
771 3456 804 3500 ut
830 3464 885 3514 ego
907 3450 1026 3519 quidem
1050 3456 1225 3509 excusarim

177 3556 227 3612 te,
252 3543 304 3597 sed
323 3554 423 3597 tamen
444 3541 575 3608 undique
593 3538 713 3593 insidias
730 3540 802 3594 mihi
824 3543 998 3596 metuendas
1017 3544 1145 3598 videam.

245 3636 315 3691 Jam
328 3637 409 3706 quod
423 3647 486 3686 rem
502 3631 697 3703 difficiliorem
710 3644 795 3701 puras
808 3634 956 3704 futuram,
974 3636 998 3691 si
1017 3639 1224 3697 sanctissimus

176 3733 330 3791 Dounuus
358 3726 423 3785 Leo
446 3726 580 3781 decimus
604 3725 706 3796 plures
727 3724 897 3798 Episcopus
922 3729 959 3786 ad
987 3729 1074 3785 istam
1102 3746 1223 3789 caeream

227 4027 257 4076 e)
284 4018 440 4073 eculeo.
461 4026 497 4066 ut.
