2574 4732
166 325 230 393 162
494 382 499 397 .
646 328 735 394 1518.

610 481 785 543 decus·

161 624 434 729 Reverendissime
461 671 493 726 in
518 667 642 728 Christo
664 671 774 742 Pater,
804 671 913 729 iterum
936 673 1044 742 venio,
1078 672 1133 730 sed
1154 687 1209 746 per

160 768 282 824 literne:
307 764 446 835 dignetur
462 762 502 820 R.
520 763 688 822 Paternitrs
710 776 826 824 mame
844 767 1074 824 clementissime
1095 767 1208 822 audire.

123 865 126 872 '
227 858 299 928 Egit
315 846 437 914 mecum
454 859 636 919 reverendus
652 860 788 932 mihique
805 847 996 916 dulcissimus
1013 858 1104 918 Peter
1121 874 1206 914 meus

160 955 190 1009 in
206 953 344 1018 Christo,
362 952 499 1008 vicarius
511 961 627 1022 noster,
642 950 800 1011 Johannes
813 954 986 1025 Staupitius,
1003 964 1038 1010 nt
1052 953 1207 1010 humiliter

160 1048 326 1116 sentirem,
341 1052 370 1102 et
384 1045 517 1117 opinioni
531 1045 659 1117 proprie
671 1048 824 1113 cederem,
842 1058 872 1102 et
886 1063 1008 1104 sensum
1020 1062 1123 1104 meum
1136 1045 1207 1102 snb·
1238 1056 1240 1059 ·

158 1141 336 1210 mitterem,
366 1137 648 1210 commendavitque
673 1155 707 1195 ec
734 1139 1004 1196 exuberantissime
1034 1140 1206 1211 persuasit,
1242 1150 1254 1180 ’-

157 1234 197 1291 11.
224 1243 306 1289 tuem
331 1230 368 1290 P.
392 1231 467 1286 mihi
493 1246 560 1286 esse
580 1231 836 1299 gratiosissimum.
884 1232 928 1288 Ea
948 1246 998 1290 ree
1023 1248 1054 1290 et
1085 1235 1207 1292 nuntius

157 1329 269 1402 puriter
291 1341 341 1382 me
358 1325 468 1406 mirum
491 1324 521 1380 in
540 1324 665 1383 modum
683 1325 898 1382 exhilararent.
938 1326 995 1383 Est
1016 1329 1095 1383 euim
1113 1314 1211 1408 homo

156 1423 209 1479 hic
233 1420 301 1476 telis
328 1429 359 1475 et
380 1429 480 1474 tentus
500 1418 530 1473 in
555 1418 663 1473 oculis¹
677 1420 770 1489 meis,
795 1428 829 1474 ut
846 1420 944 1475 nullus
963 1419 1002 1475 sit
1022 1421 1053 1475 in
1075 1421 1205 1489 mundo,

156 1516 205 1572 oni
221 1504 362 1570 libentius
381 1512 516 1570 audirem
536 1494 569 1566 et'
583 1510 780 1585 obsequerer.
814 1512 883 1569 Nec
904 1514 1003 1569 minus
1019 1514 1079 1582 egit
1095 1514 1206 1569 dulcis.

155 1610 250 1666 umus
271 1609 365 1664 freter
389 1622 500 1675 meus,
525 1605 675 1676 Magister
700 1606 900 1663 Wenceslaus
926 1605 1061 1677 Lincus,
1090 1608 1141 1679 qui
1164 1608 1201 1662 ab

156 1703 277 1759 ineunte
303 1711 388 1758 utute
413 1701 486 1774 peri.
503 1716 623 1756 mecum
645 1701 745 1758 studio
774 1700 914 1756 adolevit.
956 1699 1112 1771 Breviter,
1142 1719 1204 1756 non

155 1797 255 1868 potuit
275 1794 315 1851 R.
340 1793 378 1851 P.
402 1805 452 1850 tua
477 1779 587 1851 lortius
609 1804 640 1850 et
662 1794 779 1851 dulcius
802 1810 851 1850 me
874 1811 1018 1862 movere,
1043 1811 1132 1866 quam
1156 1796 1205 1849 his

157 1889 276 1943 duobus
296 1887 376 1943 viris
391 1887 626 1957 mediatoribus,
654 1904 785 1967 quorum
809 1899 936 1961 uterque
959 1889 988 1944 in
1009 1876 1136 1946 solidum
1157 1906 1206 1943 me

155 1979 249 2036 habet
267 1981 297 2037 in
319 1997 409 2036 menn
436 1996 499 2037 sue.
540 1981 639 2036 Tanta
658 1991 704 2038 est
726 1991 777 2037 tus
792 1983 881 2038 simul
899 1982 1067 2039 humanitas
1088 1993 1117 2038 et
1135 2000 1207 2054 pru.

156 2075 271 2141 dentis,
297 2089 355 2144 que
376 2074 465 2129 video
486 2082 569 2128 tuem
592 2074 631 2129 R.
652 2073 688 2130 P.
710 2091 772 2129 non
790 2090 876 2142 mea,
905 2077 958 2131 sed
978 2093 1028 2130 me
1051 2093 1204 2147 quaerere:

155 2181 225 2220 cum
246 2166 395 2237 potuisset
420 2167 485 2221 sola
513 2174 661 2237 potestate
685 2165 787 2221 in'me
812 2168 970 2222 dominari.
1016 2167 1121 2238 Itaque
1140 2170 1204 2236 jam

154 2258 247 2313 timor
271 2272 358 2312 meus
382 2258 494 2313 sensim
523 2259 646 2326 transit,
672 2258 734 2313 imo
753 2265 885 2313 mutatus
907 2267 953 2314 est
974 2259 1003 2313 in
1024 2259 1204 2327 singularem

155 2366 225 2419 erga
239 2348 281 2405 tt.
304 2347 341 2405 P.
361 2357 441 2450 mim
458 2365 613 2418 amorem,
638 2359 669 2406 et
683 2365 786 2405 veram
801 2350 978 2422 filialemque
993 2352 1202 2405 reverentiam.

230 2442 335 2511 Nunc,
353 2443 602 2498 reverendissime
620 2443 650 2499 in
668 2442 792 2501 Christo
813 2443 921 2514 Pater,
940 2445 1056 2510 fateor,
1076 2445 1154 2499 sicut
1173 2455 1203 2499 et

156 2537 227 2593 alias
253 2537 350 2618 fassus
377 2552 464 2604 sum,
488 2537 651 2612 metuisse
677 2540 869 2611 certenimis
896 2536 955 2607 (ut
972 2536 1095 2606 dicunt)
1115 2538 1204 2592 indis.

159 2641 292 2694 cretum,
321 2646 423 2686 eorem
440 2640 471 2684 et
490 2631 708 2688 irreverentem
729 2633 759 2688 in
775 2648 885 2687 nomeu
903 2632 1010 2686 summi
1029 2631 1201 2687 Pontificis:

158 2733 190 2780 et
217 2725 288 2781 licet
308 2724 453 2779 acerrime
475 2724 583 2779 fuerim
604 2725 634 2778 in
655 2726 733 2781 hanc
753 2706 982 2780 irreverentiam
1001 2733 1202 2796 provocatus,

156 2829 256 2874 tamen
282 2820 383 2873 me'um
414 2818 507 2874 fuisse
531 2819 778 2888 nunciutelligo,
808 2819 991 2886 modestius,
1010 2818 1152 2873 lturnilius
1172 2827 1204 2872 et

158 2914 346 2969 reverentius
373 2912 453 2967 hene
478 2913 632 2968 materiem
658 2922 809 2981 tractare,
835 2923 865 2968 et
883 2930 944 2968 nou
963 2912 1003 2969 ita
1020 2913 1202 2985 respondere

156 3006 266 3073 stulto,
285 3018 319 3061 ut
336 3007 361 3060 el
377 3007 481 3062 similis
500 2999 646 3064 efficerer.
680 3007 729 3062 De
748 3024 809 3079 quo
825 3006 1025 3062 sincerissime
1043 3006 1154 3074 doleo,
1172 3015 1203 3061 ct

159 3100 277 3153 veniam
304 3109 393 3171 peto,
418 3111 449 3154 et
473 3116 526 3169 per
553 3102 652 3157 omnia
671 3100 783 3173 pulpita
802 3100 834 3156 in
856 3100 962 3169 vulgus
986 3100 1202 3172 promulgabo,

156 3191 234 3245 sicut
253 3203 283 3246 et
304 3193 409 3262 saepius
422 3193 486 3260 jam
508 3191 586 3260 leci,
603 3193 740 3265 daboque
759 3193 897 3262 deinceps
918 3209 1057 3262 operam,
1076 3205 1108 3248 ut
1130 3194 1202 3247 allus

157 3283 229 3344 sim.
246 3295 276 3340 et
291 3285 376 3339 aliter
392 3285 516 3355 loquar,
532 3285 602 3340 Deo
618 3286 794 3341 miserente:
813 3286 874 3339 imo
890 3285 1111 3354 promtissimus
1125 3303 1202 3365 sum,

118 3377 122 3388 '
157 3387 246 3446 etque
265 3376 404 3431 facillime
422 3378 585 3458 promitto,
609 3395 658 3434 me
677 3378 806 3449 posthac
826 3378 980 3431 materiem
996 3379 1032 3431 de
1050 3378 1203 3448 indulgen.

156 3469 206 3524 tiis
225 3485 285 3522 uon
305 3480 453 3537 tractare,
473 3481 562 3540 etque
578 3472 625 3526 his
645 3470 733 3525 finitis
752 3469 923 3540 quiescere:
943 3471 1034 3524 modo
1052 3471 1110 3525 illis
1126 3489 1202 3543 quo.

156 3579 215 3633 que
232 3563 339 3616 modus
359 3562 545 3632 imponatur,
573 3572 622 3617 aut
642 3565 791 3620 sermonis
813 3571 863 3616 sut
882 3562 1008 3630 silentii,
1034 3564 1085 3634 qui
1102 3581 1150 3618 me
1171 3565 1201 3619 iu

156 3655 236 3712 huno
255 3655 427 3723 tragoediam
445 3656 678 3712 suscitaverunt.
908 3714 913 3729 .

226 3749 396 3816 Ceterum,
423 3749 464 3803 mi
485 3750 734 3804 reverendissime
753 3750 783 3805 in
806 3750 929 3806 Christo
953 3765 988 3804 ac
1006 3751 1069 3820 jum
1092 3749 1202 3806 dulcis.

156 3844 231 3900 sime
248 3843 359 3910 Pater,
378 3852 521 3913 quantum
541 3843 576 3896 ud
595 3844 748 3898 sententiae
764 3845 922 3899 veritatem
938 3845 1088 3914 pertinet,
1107 3844 1201 3898 liben.

156 3937 269 3994 tissime
289 3937 387 3993 omnis
408 3953 606 4004 revocarem,
631 3948 692 3991 tam
711 3948 785 4005 tuo,
805 3953 895 4008 quem
913 3938 1016 3992 vicarii
1038 3938 1097 3991 mei
1113 3938 1201 4007 jussu

155 4040 187 4087 et
201 4031 345 4099 consilio,
371 4030 395 4086 si
414 4030 475 4086 ullo
495 4031 587 4086 modo
606 4030 790 4090 couscientia
814 4048 880 4088 meu
898 4032 1098 4104 permitteret.
1132 4031 1199 4100 Ege
