2574 4732
165 297 226 368 304
367 395 373 403 g
644 296 735 367 1519.

166 474 250 515 mess
270 455 408 512 venerint
418 493 428 523 ,
446 470 556 525 spero,
575 455 657 525 qnod
674 454 805 511 Eecium
822 470 925 511 meum
948 455 1037 524 digne
1054 463 1086 511 et
1104 454 1222 526 magne

164 555 222 611 tice
247 562 377 607 tractare
403 548 535 620 possim,
566 549 591 604 si
616 563 674 619 qus
698 549 817 603 tandem
840 551 890 604 vie
913 551 1081 619 intelligere
1104 552 1237 622 possiti,

164 648 236 719 quiri
261 647 301 702 sit
328 644 421 699 mults
444 632 579 714 pacisci,
607 652 639 696 st
656 640 729 702 nibil
749 656 898 710 serrare,
927 656 960 698 et
977 655 1077 700 temen
1094 645 1133 700 eb
1153 646 1220 703 eliis

164 740 310 796 servande
329 736 540 808 expostulem,
559 743 649 806 etque
664 735 714 791 his
730 734 870 791 omnibus
885 736 964 791 eliud
977 736 1051 794 nihil
1070 756 1221 810 quemn,

164 850 255 906 quem
275 843 306 888 ut
325 842 433 887 noceat
444 870 453 898 ‚
472 840 503 886 et
522 828 682 886 veritatem
701 829 874 886 conculcet.

232 927 356 982 Interim
381 925 489 981 sufficit
512 924 606 992 milri,
636 922 719 993 quod
738 924 875 987 carnifex
892 922 942 978 ills
964 923 1222 981 conscientiarum

165 1021 393 1090 theologistrie,
420 1017 468 1073 cui
488 1027 588 1073 totum
608 1015 721 1083 debeo.
746 1017 830 1087 quod
848 1032 915 1072 men
931 1017 1116 1081 conscientie
1142 1019 1221 1089 petie
1268 1056 1272 1063 -

164 1127 232 1185 tur,
251 1114 408 1171 occiditis
426 1112 489 1171 hec,
503 1106 715 1182 disputatione.
750 1109 831 1166 Nem
849 1110 932 1182 prius
951 1111 1135 1179 didiceram,
1153 1126 1220 1167 mse

163 1212 256 1265 ritum
282 1209 360 1264 eliud
386 1221 453 1261 esse
480 1205 622 1274 congrui,
649 1203 728 1270 eliud
746 1202 905 1273 condigni,
934 1205 1036 1260 iecere
1057 1205 1222 1262 hominem

163 1319 275 1376 posse,
297 1300 379 1374 quod
401 1299 432 1354 iu
454 1313 487 1354 se
512 1309 579 1368 est,
607 1297 643 1353 ed
662 1295 856 1355 obtinendem
877 1299 1025 1369 gretiam,
1051 1314 1144 1368 posse
1167 1315 1221 1354 ree
1268 1330 1271 1335 -

163 1412 290 1454 movere
317 1393 453 1461 obicem,
477 1407 568 1463 posse
597 1406 659 1446 nou
683 1407 797 1462 ponere
824 1390 946 1447 obicem
972 1392 1094 1460 grstire,
1125 1407 1220 1464 posse
1269 1426 1273 1436 ·

164 1492 289 1563 implere
311 1495 459 1561 precepta
484 1485 562 1555 Dei,
594 1486 693 1558 quoad
719 1483 917 1542 substantiam
942 1487 1033 1556 fecti,
1061 1488 1133 1544 licet
1153 1504 1220 1547 non

164 1585 201 1640 ed
233 1583 430 1640 intentionem
457 1580 683 1654 precipientis,
713 1578 843 1636 liberum
876 1580 1032 1635 arbitrium
1063 1597 1157 1653 posse
1183 1582 1218 1642 iu

163 1689 315 1751 utrunque
332 1675 621 1746 contradictorium,
644 1673 832 1731 voluntatem
851 1689 942 1761 posse
962 1688 1002 1728 ex
1023 1677 1106 1743 puris
1128 1685 1220 1733 nster.

163 1773 277 1828 retibus
300 1771 423 1842 diligere
444 1770 548 1827 Deum
571 1785 663 1842 super
690 1768 810 1837 omnis,
839 1784 931 1838 posse
961 1782 1001 1822 ex
1030 1768 1218 1827 naturalibus

164 1867 271 1922 heberi
298 1874 399 1921 sctum
426 1865 538 1922 umoris
561 1863 714 1928 amicitie,
739 1874 772 1920 et
794 1861 824 1919 id
849 1877 944 1933 genus
970 1869 1122 1929 monstra,
1149 1876 1222 1933 que

165 1977 222 2034 pro
243 1959 348 2031 primis
371 1959 467 2013 ferme
486 1956 641 2032 principiis
662 1957 801 2013 feruntur
822 1956 1010 2014 scholastice
1036 1955 1220 2025 theologie,

165 2064 197 2110 et
219 2053 355 2108 omnium
376 2051 472 2106 libros
491 2058 521 2106 et
539 2064 627 2105 surse
646 2049 857 2122 impleverunt.
900 2053 941 2104 At
960 2066 1041 2105 nunc
1058 2049 1091 2105 hi
1108 2065 1220 2107 omnes

166 2161 316 2212 errores,
346 2142 402 2199 sub
428 2142 564 2197 Eccisno
592 2142 731 2212 praecidio
756 2152 793 2196 et.
815 2141 1079 2213 triumphabundis
1104 2143 1216 2208 signis.

163 2238 235 2293 setis
256 2246 379 2291 strenue
403 2235 601 2301 ceciderunt,
622 2235 688 2290 sine
707 2234 769 2290 ullo
790 2233 885 2288 tenue
906 2235 1029 2298 Mente,
1056 2235 1218 2292 conterriti

164 2329 198 2383 ed
224 2326 323 2384 solum
343 2336 542 2396 conspectum
564 2326 691 2381 duarum
711 2325 954 2398 propositionum
977 2326 1114 2394 illerum,
1143 2341 1218 2396 qus.

166 2439 233 2477 rum
259 2421 344 2493 prior
370 2420 436 2476 brec
460 2421 637 2489 Augustini:
665 2417 809 2476 Liberum
829 2416 993 2474 arbitrium
1015 2421 1080 2475 sr'rre
1110 2421 1219 2492 qratia

61 2524 69 2535 ·
162 2514 243 2591 rrilril
264 2514 363 2583 nolet,
390 2514 452 2570 nisi
476 2504 745 2584 admonuerim,
776 2513 930 2585 posterior
952 2513 1109 2567 Ambrosii
1132 2515 1216 2572 haec:

163 2607 309 2666 Liberum
333 2605 496 2664 arbitritum
521 2610 587 2664 sine
610 2609 719 2683 gretie
737 2614 823 2664 tanto
841 2606 929 2662 οἰέίιιε
946 2607 1135 2681 propinquet
1152 2608 1217 2662 ini.

162 2705 289 2778 quitali,
308 2708 422 2778 quanto
433 2698 553 2771 fortius
569 2702 731 2759 intenderit
744 2700 868 2757 actioni.
898 2740 901 2747 ·

235 2798 345 2854 Similia
368 2796 501 2868 trophea
521 2804 552 2852 et
568 2797 663 2869 spolie
682 2797 852 2853 retulerunt
869 2796 966 2850 ferme
985 2806 1015 2851 et
1030 2796 1219 2865 indulgentie

166 2908 205 2947 ex
231 2893 290 2949 hec
312 2907 432 2963 pugne,
459 2874 533 2962 guas
559 2908 619 2945 non
645 2891 766 2959 mitiore
803 2891 861 2958 (ut
883 2890 1038 2960 garriunt)
1069 2891 1220 2946 sententie

165 2984 255 3041 utiles
278 2984 490 3049 casselensi,
518 2985 571 3040 sed
592 2985 680 3041 utiles
702 2987 801 3043 solum
824 2985 916 3057 pigris
941 2995 972 3040 et
996 2983 1218 3040 stertentibuss

166 3089 308 3133 ceterum
337 3077 480 3132 insaniem
509 3094 574 3133 esse
601 3079 738 3147 delendi,
766 3080 791 3135 si
810 3080 877 3150 quis
897 3095 947 3133 ess
965 3079 1059 3133 bones
1079 3086 1110 3132 et
1127 3063 1219 3133 utiles

60 3236 62 3241 Ι
161 3187 232 3235 'esse
251 3171 415 3227 christiano
434 3173 548 3228 homini
568 3173 689 3227 dixerit.
724 3174 816 3241 Herc,
842 3171 1220 3244 inquam,tnil1iinterim

165 3266 237 3321 setis
257 3274 327 3320 sunt
345 3263 480 3321 evenisse
500 3281 539 3320 ex
563 3266 621 3320 hnc
646 3267 953 3339 disputationesque
982 3267 1049 3320 ideo
1075 3265 1221 3335 recitari¹

165 3367 198 3413 ut
210 3357 385 3427 jactantiam
404 3359 568 3426 gloriosam
586 3357 723 3417 Eccienre
742 3360 866 3415 heresis
893 3359 1108 3430 aliquantulum
1128 3359 1222 3427 juve.

166 3468 243 3506 rem.
288 3451 401 3505 Cerere
427 3452 478 3507 ubi
499 3451 563 3507 ltaee
583 3452 730 3524 quispiam
748 3468 855 3510 eorum
881 3453 1062 3524 impetierit,
1087 3452 1219 3509 tortasse

164 3546 248 3602 debit
265 3544 417 3600 Dominus
436 3547 464 3599 in
485 3545 583 3600 lucem
603 3548 717 3605 venire.

234 3639 351 3694 Vidisse
368 3647 397 3697 te
418 3639 512 3693 credo
532 3638 618 3695 Eccii
634 3631 863 3698 excusationem
882 3639 1217 3710 edversuePhilippum

164 3744 303 3792 nostrum
327 3733 398 3789 setis
418 3733 537 3801 dignam
556 3733 689 3790 Eceiano
711 3736 848 3804 ingenio,
868 3737 897 3791 in
916 3752 974 3821 qun
992 3735 1106 3789 homini
1125 3736 1220 3792 etism

165 3830 196 3885 in
225 3829 320 3884 sacris
343 3828 437 3882 literis
459 3837 564 3897 terque
588 3837 754 3898 quaterque
777 3829 918 3884 omnibus
939 3827 1041 3884 Ecciis
1067 3829 1220 3899 doctiori,

166 3923 294 3994 denique
322 3931 352 3977 et
378 3921 506 3977 sorditiae
541 3920 619 3976 illius
647 3917 785 3976 Eccienae
813 3922 973 3991 theologie
1000 3939 1060 3978 non
1095 3923 1220 3992 ignaro,
1273 3945 1277 3950 ·

167 4017 333 4090 opprobrat
350 4033 406 4088 pro
423 4031 531 4085 magno
546 4015 620 4072 vitio
637 4019 859 4085 grammaticam
873 4017 1103 4086 professionem.
1139 4016 1221 4071 Tem
