2574 4732
594 321 683 394 tus.
817 285 822 296 ’
1104 330 1163 393 iss

117 476 237 548 anicet,
261 476 323 534 sint
343 475 454 548 ublate,
486 477 512 534 ei
533 490 649 549 servat,
679 479 739 536 sint
759 487 896 536 servate:
915 487 946 536 et
965 496 1077 538 nomen
1097 483 1164 555 ejus

115 579 257 643 unctam
273 580 305 627 et
320 570 514 637 benedictum
532 573 562 628 in
579 574 706 640 secula,
726 573 833 629 Amen.
888 634 892 641 ,

183 664 251 735 Ego
267 664 366 723 adhuc
381 682 442 721 non
458 665 533 727 satia
546 666 654 736 video,
671 667 794 742 quavis
810 669 923 740 possim
939 668 1165 739 censurasillas

116 760 277 815 intentatas
296 759 446 827 evadere,
474 760 531 816 nisi
551 758 699 833 Princeps
716 760 829 818 auxilio
848 760 922 817 mihi
940 762 1040 819 inerit.
1082 763 1165 821 Rur.

115 869 184 910 snm
200 854 297 909 multo
316 853 410 923 magis
431 853 540 909 vellem
562 854 592 910 in
612 855 746 911 censuris
770 864 916 926 perpetuo
938 872 1047 925 agere,
1072 873 1163 928 quarn

114 944 289 1019 Principem
316 947 376 1002 mei
402 962 492 1003 causa
518 947 591 1019 quid
615 948 700 1003 malae
729 948 878 1019 opinionis
904 948 1069 1004 incurrere.
1112 949 1163 1021 Tu

117 1057 208 1110 ergo,
226 1040 305 1097 sicut
326 1058 375 1095 me
388 1042 471 1114 prius
488 1041 602 1112 obtuli,
620 1041 662 1098 ita
683 1042 781 1097 adhuc
799 1057 849 1095 me
867 1026 1009 1097 'oblatum
1026 1052 1057 1098 et
1073 1041 1163 1097 creda

116 1143 149 1190 et
168 1135 334 1206 persuade,
359 1133 469 1206 quibus
488 1135 621 1191 volueris
640 1144 690 1190 ant
708 1134 762 1190 tibi
781 1134 879 1191 visum
900 1134 1002 1192 suerit.
1042 1134 1168 1191 Haereti.

116 1242 172 1284 cus
193 1243 344 1299 nunquam
365 1245 438 1298 ero,
466 1246 568 1285 errare
589 1230 765 1302 disputando
789 1242 931 1300 possum:
957 1229 1011 1284 sed
1032 1239 1167 1284 statuere

116 1320 191 1376 nulril
210 1321 304 1392 volo,
328 1339 421 1393 porro
440 1340 496 1379 nec
514 1322 704 1394 opinionibus
722 1322 881 1379 hominum
900 1323 1036 1394 captivus
1054 1321 1130 1377 fieri.

185 1413 220 1470 ld
240 1416 339 1471 visum
371 1427 417 1472 est
436 1419 538 1474 amicis
563 1417 677 1474 nostris
699 1427 765 1473 tum
785 1417 884 1473 doctis
906 1424 972 1471 tum
990 1415 1068 1489 bene
1092 1430 1168 1472 con.

117 1507 303 1578 solentibus,
340 1519 375 1565 ut
408 1527 465 1580 ego
496 1513 573 1584 apud
604 1508 778 1581 Principem
808 1519 948 1565 nostrum
978 1508 1166 1565 Fridericum

116 1602 268 1674 postulem
290 1603 407 1659 salvum
433 1603 489 1669 (ut
508 1607 643 1671 vocant)
669 1603 856 1659 conductum
879 1618 1045 1674 persuum
1070 1602 1169 1657 domi.

116 1693 208 1752 nium.
245 1694 338 1771 Quod
354 1696 406 1750 nbi
424 1696 500 1751 milii
518 1698 690 1765 negaverit,
705 1696 867 1752 sicut-scio
885 1694 961 1750 mihi
978 1705 1167 1766 negaturum,

114 1787 279 1860 justissima
299 1789 392 1844 fuerit
407 1787 483 1843 mihi
503 1790 644 1861 exceptio
665 1796 696 1844 et
714 1789 870 1844 excusatio
893 1805 955 1843 non
975 1789 1169 1860 comparendi

117 1881 147 1937 in
176 1881 277 1936 Rome
306 1881 372 1947 <sic
396 1879 701 1952 enimloqnnntur).
746 1882 776 1938 Si
808 1897 881 1951 crgo
915 1881 1009 1938 velles
1038 1890 1068 1936 et
1097 1897 1168 1938 meo

117 1975 241 2029 nomine
263 1974 339 2047 apud
367 1973 602 2031 illustrissimum
632 1974 805 2047 Principem
829 1975 1007 2047 Impetrnres
1039 1975 1170 2048 rescrip.

117 2077 204 2137 tum,
229 2084 291 2140 quo
318 2066 391 2123 mihi
420 2069 535 2125 salvum
564 2068 748 2124 conductum
777 2080 920 2137 negaret,
946 2079 977 2124 et
1002 2085 1071 2123 meo
1093 2068 1168 2126 mihi

116 2161 253 2233 periculo
271 2162 487 2232 committeret,
505 2160 530 2218 si
548 2161 655 2216 vellem
671 2163 733 2218 irc:
752 2164 865 2233 optime
883 2161 957 2217 mihi
976 2162 1169 2218 consuleres:

117 2264 147 2311 at
164 2254 217 2310 hic
237 2264 356 2310 mature
381 2255 463 2311 sacto
486 2270 561 2327 opus
581 2263 644 2324 est,
671 2256 842 2312 accelerant
861 2255 943 2325 dies,
968 2264 999 2312 et
1016 2256 1079 2312 dies
1094 2273 1170 2327 prae·

118 2346 194 2403 fixus
216 2348 412 2420 propinquat,
437 2355 469 2404 et
490 2359 547 2404 uos
569 2357 652 2404 terra
675 2348 770 2406 nimio
798 2359 916 2423 separat
931 2347 970 2421 '')
997 2358 1028 2405 et
1049 2350 1170 2421 negotia

58 2446 64 2461 ’
118 2439 282 2513 impediunt
297 2436 346 2509 ²).
1008 2449 1009 2452 ’

183 2535 278 2591 Mitto
297 2535 497 2592 resolutiones
513 2551 649 2591 mearum
670 2535 929 2607 propositionum,
952 2536 1006 2591 sed
1025 2535 1171 2591 mendose

121 2643 262 2685 excusast
273 2629 313 2684 ita
332 2627 431 2685 obfuit
443 2646 511 2683 mes
528 2629 675 2700 aliquanta
684 2629 826 2684 absentia.
849 2631 1006 2684 Adversus
1021 2629 1173 2698 dialogum

119 2723 350 2790 Silvestrinum,
379 2722 441 2776 imo
466 2738 524 2775 una
548 2739 619 2777 cnm
644 2723 710 2793 ipso
734 2722 852 2790 dialogo
878 2722 1038 2790 excuditur
1062 2719 1171 2791 Lipsiae

118 2817 276 2889 responsio
304 2831 388 2882 anea,
415 2830 505 2886 quam
530 2823 561 2870 et
590 2814 676 2868 brevi
705 2815 742 2868 ad
769 2821 799 2869 te
823 2815 952 2869 mittam.
989 2814 1091 2870 Doleo
1114 2831 1172 2883 ego

118 2911 316 2967 vehementer
336 2924 438 2964 meum
459 2923 570 2963 nomen
594 2915 625 2962 et
642 2907 797 2975 negotium
820 2907 982 2963 intantum
1002 2907 1172 2963 ascendisse

119 3014 151 3060 et
169 3005 302 3060 crevisse
312 3042 322 3071 ,
339 3015 374 3058 ut
391 3001 482 3057 tantis
504 3000 593 3055 etiam
611 2998 805 3075 Principibus
821 3000 974 3069 negotium
994 3000 1108 3055 lectum
1121 3000 1171 3065 sit,

119 3107 149 3152 et
168 3097 205 3151 de
224 3112 273 3151 me
292 3095 499 3151 sordidissimo
523 3093 728 3150 homuncione
746 3101 827 3148 tenta
849 3100 1005 3148 tantorum
1025 3093 1171 3149 luminum

118 3191 239 3246 claritas
260 3198 395 3245 tractet:
423 3188 655 3243 contemtiorcm
677 3203 725 3242 me
746 3185 912 3242 arbitrabar
932 3186 1022 3260 fore,
1048 3202 1174 3259 praeser-

118 3274 174 3339 tm't
197 3284 431 3355 disputatorem,
455 3297 544 3355 quarn
571 3290 604 3337 ut
627 3281 686 3336 mei
708 3282 839 3350 similes,
866 3282 977 3349 nedem
998 3282 1169 3337 mediocres

120 3393 357 3433 commoverem.
393 3377 465 3432 Vale
486 3378 515 3432 in
535 3376 673 3433 Domino
690 3390 820 3447 semper.
846 3374 1086 3444 Wittembergae,
1102 3375 1172 3431 sab.

119 3470 215 3526 batho
233 3479 347 3526 octarae
363 3471 567 3533 Assumtionis
589 3469 634 3528 D.
652 3470 778 3538 Mariae,
802 3483 879 3524 anno
900 3467 1083 3524 MDXVIII.

465 3564 498 3620 F.
516 3563 669 3621 Martinus
686 3563 900 3628 Eleutherius,
921 3563 1169 3633 Augustinianus.

188 3699 223 3755 ld
242 3708 342 3758 autem
360 3699 525 3756 comodum
541 3716 662 3773 qnoque
680 3699 823 3770 suadent,
842 3710 877 3756 ut
896 3699 999 3755 datum
1015 3699 1171 3757 literarum

173 3936 203 3983 ι)
232 3932 301 3979 cod.
319 3932 335 3984 J
342 3945 387 3979 en.
404 3932 515 3989 impedit.

134 4013 328 4028 *-

173 4061 203 4113 ἰ
230 4059 281 4108 ibet
299 4056 408 4110 sutilis
426 4060 475 4109 unt
492 4060 541 4114 er.
555 4065 636 4108 utere
651 4057 706 4109 aedi
724 4059 752 4107 tn
769 4057 904 4113 nuntiare.
