2574 4732
531 288 637 398 'troo
725 330 727 334 ’
1060 334 1127 412 lis

69 491 133 548 hoc
154 492 229 549 adeo
247 497 436 562 memoret,
456 505 546 562 quum
567 492 597 546 id
617 491 699 564 quod
717 491 853 548 soterum
876 493 969 552 timeo
980 535 991 565 ,
1010 512 1120 569 nempe

68 603 107 641 ne
126 586 255 643 indurati
280 604 336 658 per
359 586 497 642 Satansm
524 595 555 642 et
579 586 737 657 occupati,
757 585 850 641 simus
879 588 1120 661 incorrigibiles,

69 697 131 751 quo
159 681 365 754 compleamus
392 679 563 752 iniquitates
594 690 733 747 nostras,
759 690 790 735 et
814 681 913 735 veniat
935 683 979 741 ire
1004 684 1063 740 Dei
1089 691 1122 740 et

69 776 219 844 percutiet
246 790 303 831 nos
330 774 455 846 eliqua
447 774 554 843 insigni
575 773 688 846 plaga
681 791 711 828 ru
737 774 948 831 confusionem
967 789 1122 849 nostrum,

68 869 120 941 qui
144 868 273 924 verbum
293 868 354 924 Dei
377 867 467 924 nobis
493 867 629 935 oblatum
650 885 712 925 oon
734 869 957 940 receperimus,
988 882 1123 929 autnon

68 962 157 1032 digne
175 963 248 1018 setis
270 962 484 1035 receperimus.
536 1012 539 1017 ,

137 1056 195 1113 ilic
214 1072 287 1112 vers
308 1057 437 1113 multum
458 1057 552 1112 timeo
573 1072 609 1111 ac
632 1055 713 1113 serio
738 1050 883 1148 pavesco.
926 1007 1053 1125 Singulis
1072 1073 1126 1113 sn.

66 1150 114 1205 nis
133 1149 196 1205 hoo
222 1151 351 1208 triennio
369 1152 484 1220 insigne
504 1150 625 1223 aliquod
648 1151 818 1221 periculum
838 1165 944 1224 pessus
961 1166 1044 1205 sum·
1063 1151 1125 1221 pri.

59 1228 119 1298 'mo
144 1247 306 1313 Augustae,
329 1246 463 1300 secundo
486 1244 614 1317 Lipsiae,
648 1261 728 1304 nunc
750 1245 992 1314 Wittembsrgae.
1037 1243 1124 1314 Opus

66 1337 167 1408 itaque
186 1339 245 1392 erit
268 1355 329 1393 non
354 1339 512 1410 prudentie
534 1355 591 1393 nec
615 1339 726 1407 ermis,
757 1340 811 1394 sed
838 1339 942 1395 humili
965 1337 1122 1408 oratione,

66 1440 99 1486 et
118 1431 189 1486 forti
212 1430 284 1501 lide,
310 1433 420 1503 quibus
443 1431 632 1488 obtineamus
654 1431 811 1488 Christum
830 1451 887 1504 pro
908 1433 1018 1490 nobis:
1050 1432 1124 1487 nlio.

65 1525 138 1596 quin
159 1541 231 1579 vere
253 1531 354 1582 ectum
375 1538 438 1595 est,
463 1527 488 1583 si
512 1525 627 1582 viribus
648 1527 762 1582 nostris
781 1527 844 1582 nixi
869 1528 1026 1584 fuerimus.
1062 1526 1123 1582 lta.

65 1633 125 1688 que
147 1618 184 1672 ed
204 1621 374 1676 orationem
391 1636 513 1674 mecum
535 1621 684 1687 confuge,
713 1637 753 1674 ne
783 1636 823 1675 cx
847 1622 976 1677 scintille
996 1621 1053 1677 iste
1077 1621 1122 1675 in.

64 1712 203 1766 cendium
225 1703 340 1768 conflet'
359 1714 481 1785 spiritus
504 1713 631 1769 Domini
651 1713 759 1769 melus.
797 1713 870 1769 Non
890 1723 961 1769 sunt
982 1721 1120 1769 contem.

61 1805 159 1860 nenda
177 1822 286 1877 parve,
304 1807 470 1877 praesertim
481 1823 547 1878 qure
565 1815 671 1861 autore
684 1807 790 1861 Satene
807 1808 966 1863 exordium
982 1815 1113 1864 sumunt.

143 1899 282 1954 Remitto
306 1915 384 1954 nova
411 1909 461 1954 tue
486 1915 526 1954 ex
550 1901 646 1956 urbe:
675 1917 732 1969 ego
755 1901 818 1972 ipse
846 1902 930 1970 plura
959 1915 997 1955 ex
1028 1900 1117 1967 soll)

61 1992 327 2063 praesenserunt,
346 2008 437 2064 quom
459 1994 489 2047 in
511 1993 569 2048 hac
593 1994 705 2049 scheda
728 1995 884 2062 leguntur:
905 1997 1034 2066 denique
1051 1994 1118 2050 haec

62 2087 188 2157 ipsoex
213 2101 268 2139 ore
294 2085 358 2156 ejus
384 2085 534 2155 Magister
554 2086 779 2156 islebeosis**)
804 2089 953 2157 signavit,
980 2096 1010 2144 et
1035 2087 1117 2143 Mel.

61 2177 161 2233 chiori
178 2177 309 2234 Lotther
323 2179 420 2235 dedit:
442 2179 510 2235 inde
533 2192 638 2253 perte
658 2183 695 2238 sd
716 2196 774 2237 nos
798 2183 935 2237 redeunt.
971 2182 1062 2250 Vale,
1085 2189 1116 2237 et

59 2283 285 2341 memoresto,
309 2280 453 2345 oportere
473 2290 530 2331 nos
548 2291 604 2347 pro
625 2273 722 2330 verbo
743 2275 817 2344 peti.
853 2275 933 2349 Quia
955 2276 1033 2330 enirn
1049 2275 1114 2347 jem

60 2383 203 2423 securum
223 2382 274 2422 me
293 2368 364 2423 lecit
382 2368 527 2425 silvester
545 2368 761 2439 schenenberg
787 2378 819 2425 et
846 2368 1024 2427 Francisous
1049 2369 1113 2425 Sic.

60 2462 168 2529 cingen
190 2461 227 2516 sb
253 2461 412 2519 hominum
436 2464 570 2533 timore,
595 2464 763 2520 succedere
788 2472 910 2536 oportet
940 2464 1111 2519 demonum

61 2568 183 2624 quoque
204 2554 357 2610 furorem:
377 2557 559 2612 novissimus
578 2559 657 2626 erit,
675 2573 746 2613 cum
763 2557 837 2612 mihi
855 2557 910 2627 ipsi
927 2558 1027 2625 gravis
1043 2572 1109 2614 ero.

61 2645 111 2702 Sic
128 2653 175 2700 est
193 2646 331 2702 voluntas
348 2646 419 2701 Dei.
453 2648 514 2701 Die
533 2649 561 2701 S.
581 2650 698 2716 Alexi,
717 2663 794 2704 anno
814 2647 953 2703 MDXX.

611 2740 765 2798 Martinus
781 2740 956 2811 Lutherue,
980 2740 1110 2812 August.

324 2954 851 2985 m

474 3145 523 3195 20·
547 3139 696 3210 dulles.

449 3305 509 3381 rr.
537 3307 723 3380 ccxnnr.
753 3267 756 3275 ’

176 3426 185 3445 N
296 3485 299 3491 ·
347 3436 692 3544 ltn'tlltnettlont
721 3467 826 3542 lint.

107 3626 271 3680 ddtnssnltt
281 3626 330 3679 tint
339 3629 398 3681 trine
408 3630 512 3683 nrurlm
520 3628 708 3683 &meldensem
717 3628 801 3677 ntttrt
809 3627 858 3681 ltrn
867 3625 1027 3682 ltmtntrttenr
1036 3629 1107 3673 untes

56 3719 146 3774 enters
161 3713 412 3774 dissentientem
428 3718 522 3773 &dtlft
535 3729 566 3768 on
580 3720 623 3767 ten
635 3716 771 3772 drllltdm
787 3715 845 3766 ittet
863 3714 974 3770 omtsdtt
991 3713 1091 3764 merten.

107 3995 142 4047 ⁸)
167 3991 257 4046 senens
275 3995 312 4039 em
329 3993 453 4047 stertentes
470 3994 524 4043 sort
539 3993 619 4047 mette
632 3995 672 4044 let
685 4000 732 4043 rer
744 3993 807 4041 lton
821 3989 880 4038 tent

99 4072 154 4123 ¹'·)
183 4071 304 4132 Agricola.
