<?xml version="1.0" encoding="UTF-8"?>
<!DOCTYPE html PUBLIC "-//W3C//DTD XHTML 1.0 Transitional//EN"
    "http://www.w3.org/TR/xhtml1/DTD/xhtml1-transitional.dtd">
<html xmlns="http://www.w3.org/1999/xhtml" xml:lang="en" lang="en">
 <head>
  <title>
</title>
<meta http-equiv="Content-Type" content="text/html;charset=utf-8" />
  <meta name='ocr-system' content='tesseract 3.04.00' />
  <meta name='ocr-capabilities' content='ocr_page ocr_carea ocr_par ocr_line ocrx_word'/>
</head>
<body>
  <div class='ocr_page' id='page_1' title='image "./briefesendschre04luthgoog/briefesendschre04luthgoog_0095.png"; bbox 0 0 2574 4732; ppageno 0'>
   <div class='ocr_carea' id='block_1_1' title="bbox 491 270 737 538">
    <p class='ocr_par' dir='ltr' id='par_1_1' title="bbox 491 270 737 538">
     <span class='ocr_line' id='line_1_1' title="bbox 586 270 677 377; baseline 0.022 -2"><span class='ocrx_word' id='word_1_1' title='bbox 586 270 677 377; x_wconf 66' lang='lat'><strong>151&#39;7.</strong></span> 
     </span>
     <span class='ocr_line' id='line_1_2' title="bbox 491 430 737 538; baseline 0.024 -14"><span class='ocrx_word' id='word_1_2' title='bbox 491 430 494 434; x_wconf 43' lang='lat'><strong><em>⁴</em></strong></span> <span class='ocrx_word' id='word_1_3' title='bbox 518 467 566 524; x_wconf 88' lang='lat'><strong>16.</strong></span> <span class='ocrx_word' id='word_1_4' title='bbox 592 468 737 538; x_wconf 73' lang='lat' dir='ltr'><strong>antrat.</strong></span> 
     </span>
    </p>
   </div>
   <div class='ocr_carea' id='block_1_2' title="bbox 464 633 813 879">
    <p class='ocr_par' dir='ltr' id='par_1_2' title="bbox 464 633 813 879">
     <span class='ocr_line' id='line_1_3' title="bbox 516 633 813 733; baseline -0.01 -30"><span class='ocrx_word' id='word_1_5' title='bbox 516 634 576 707; x_wconf 71' lang='lat' dir='ltr'><strong>ue</strong></span> <span class='ocrx_word' id='word_1_6' title='bbox 594 633 751 706; x_wconf 83' lang='lat' dir='ltr'><strong>xxxv.</strong></span> <span class='ocrx_word' id='word_1_7' title='bbox 806 726 813 733; x_wconf 28' lang='grc'><em>,</em></span> 
     </span>
     <span class='ocr_line' id='line_1_4' title="bbox 464 794 803 879; baseline -0.012 -12"><span class='ocrx_word' id='word_1_8' title='bbox 464 796 512 867; x_wconf 73' lang='lat' dir='ltr'><strong>tta</strong></span> <span class='ocrx_word' id='word_1_9' title='bbox 540 794 635 879; x_wconf 65' lang='lat' dir='ltr'><strong>{tou</strong></span> <span class='ocrx_word' id='word_1_10' title='bbox 666 797 803 878; x_wconf 70' lang='lat' dir='ltr'><strong>tutat.</strong></span> 
     </span>
    </p>
   </div>
   <div class='ocr_carea' id='block_1_3' title="bbox 131 952 1128 1010">
    <p class='ocr_par' dir='ltr' id='par_1_3' title="bbox 131 952 1128 1010">
     <span class='ocr_line' id='line_1_5' title="bbox 131 952 1128 1010; baseline -0.002 -10"><span class='ocrx_word' id='word_1_11' title='bbox 131 954 290 1007; x_wconf 57' lang='lat' dir='ltr'><strong>§irritatum</strong></span> <span class='ocrx_word' id='word_1_12' title='bbox 309 953 372 1001; x_wconf 75' lang='lat' dir='ltr'><strong>eluet</strong></span> <span class='ocrx_word' id='word_1_13' title='bbox 391 954 495 1007; x_wconf 73' lang='lat' dir='ltr'><strong>attatum</strong></span> <span class='ocrx_word' id='word_1_14' title='bbox 514 956 589 1005; x_wconf 72' lang='lat' dir='ltr'><strong>utrina</strong></span> <span class='ocrx_word' id='word_1_15' title='bbox 612 955 761 1009; x_wconf 66' lang='lat' dir='ltr'><strong>ttnrttuarui</strong></span> <span class='ocrx_word' id='word_1_16' title='bbox 784 955 846 1007; x_wconf 76' lang='lat' dir='ltr'><strong>urttt</strong></span> <span class='ocrx_word' id='word_1_17' title='bbox 863 953 955 1010; x_wconf 71' lang='lat' dir='ltr'><strong>eiulatu</strong></span> <span class='ocrx_word' id='word_1_18' title='bbox 972 952 1128 1004; x_wconf 64' lang='lat' dir='ltr'><strong>mauritium.</strong></span> 
     </span>
    </p>
   </div>
   <div class='ocr_carea' id='block_1_4' title="bbox 111 1108 1156 1194">
    <p class='ocr_par' dir='ltr' id='par_1_4' title="bbox 111 1108 1156 1194">
     <span class='ocr_line' id='line_1_6' title="bbox 111 1108 1156 1194; baseline -0.006 -3"><span class='ocrx_word' id='word_1_19' title='bbox 111 1143 162 1194; x_wconf 76' lang='lat' dir='ltr'><strong>aa</strong></span> <span class='ocrx_word' id='word_1_20' title='bbox 179 1140 357 1190; x_wconf 62' lang='lat' dir='ltr'><strong>antitanes</strong></span> <span class='ocrx_word' id='word_1_21' title='bbox 375 1139 473 1189; x_wconf 74' lang='lat' dir='ltr'><strong>uua</strong></span> <span class='ocrx_word' id='word_1_22' title='bbox 487 1108 700 1193; x_wconf 66' lang='lat' dir='ltr'><strong>aaronitas.</strong></span> <span class='ocrx_word' id='word_1_23' title='bbox 713 1140 973 1194; x_wconf 65' lang='lat' dir='ltr'><strong>emissariorum</strong></span> <span class='ocrx_word' id='word_1_24' title='bbox 989 1140 1156 1191; x_wconf 78' lang='lat' dir='ltr'><strong>xviruua.</strong></span> 
     </span>
    </p>
   </div>
   <div class='ocr_carea' id='block_1_5' title="bbox 79 1292 1158 1459">
    <p class='ocr_par' dir='ltr' id='par_1_5' title="bbox 79 1292 1158 1459">
     <span class='ocr_line' id='line_1_7' title="bbox 110 1292 1158 1370; baseline -0.002 -18"><span class='ocrx_word' id='word_1_25' title='bbox 110 1297 173 1352; x_wconf 85' lang='lat' dir='ltr'><strong>Suo</strong></span> <span class='ocrx_word' id='word_1_26' title='bbox 181 1293 291 1361; x_wconf 84' lang='lat' dir='ltr'><strong>fratri</strong></span> <span class='ocrx_word' id='word_1_27' title='bbox 305 1293 441 1349; x_wconf 74' lang='lat' dir='ltr'><strong>Johanni</strong></span> <span class='ocrx_word' id='word_1_28' title='bbox 452 1292 574 1370; x_wconf 77' lang='lat' dir='ltr'><strong>Lauqo,</strong></span> <span class='ocrx_word' id='word_1_29' title='bbox 592 1294 702 1352; x_wconf 80' lang='lat' dir='ltr'><strong>Priori</strong></span> <span class='ocrx_word' id='word_1_30' title='bbox 718 1295 889 1352; x_wconf 81' lang='lat' dir='ltr'><strong>Eremitur.</strong></span> <span class='ocrx_word' id='word_1_31' title='bbox 909 1294 1111 1368; x_wconf 84' lang='lat' dir='ltr'><strong>Erfurdiens.</strong></span> <span class='ocrx_word' id='word_1_32' title='bbox 1126 1297 1158 1351; x_wconf 84' lang='lat' dir='ltr'><strong>iu</strong></span> 
     </span>
     <span class='ocr_line' id='line_1_8' title="bbox 79 1387 535 1459; baseline -0.004 -13"><span class='ocrx_word' id='word_1_33' title='bbox 79 1420 83 1427; x_wconf 91' lang='lat'><strong>·</strong></span> <span class='ocrx_word' id='word_1_34' title='bbox 184 1388 305 1446; x_wconf 71' lang='lat' dir='ltr'><strong>christo</strong></span> <span class='ocrx_word' id='word_1_35' title='bbox 323 1387 535 1459; x_wconf 80' lang='lat' dir='ltr'><strong>amplectendo.</strong></span> 
     </span>
    </p>
   </div>
   <div class='ocr_carea' id='block_1_6' title="bbox 560 1538 711 1596">
    <p class='ocr_par' dir='ltr' id='par_1_6' title="bbox 560 1538 711 1596">
     <span class='ocr_line' id='line_1_9' title="bbox 560 1538 711 1596; baseline 0.013 -2"><span class='ocrx_word' id='word_1_36' title='bbox 560 1538 711 1596; x_wconf 83' lang='lat' dir='ltr'><strong>Jesus.</strong></span> 
     </span>
    </p>
   </div>
   <div class='ocr_carea' id='block_1_7' title="bbox 41 1664 1175 4135">
    <p class='ocr_par' dir='ltr' id='par_1_7' title="bbox 41 1664 1164 2716">
     <span class='ocr_line' id='line_1_10' title="bbox 111 1664 1157 1780; baseline 0.006 -29"><span class='ocrx_word' id='word_1_37' title='bbox 111 1664 262 1757; x_wconf 80' lang='lat' dir='ltr'><strong>Salutem.</strong></span> <span class='ocrx_word' id='word_1_38' title='bbox 306 1700 394 1755; x_wconf 89' lang='lat' dir='ltr'><strong>Hunc</strong></span> <span class='ocrx_word' id='word_1_39' title='bbox 425 1701 581 1757; x_wconf 86' lang='lat' dir='ltr'><strong>hominem</strong></span> <span class='ocrx_word' id='word_1_40' title='bbox 608 1702 783 1760; x_wconf 85' lang='lat' dir='ltr'><strong>Udalricum</strong></span> <span class='ocrx_word' id='word_1_41' title='bbox 807 1703 1003 1780; x_wconf 83' lang='lat' dir='ltr'><strong>Norliugeu‚</strong></span> <span class='ocrx_word' id='word_1_42' title='bbox 1045 1703 1157 1774; x_wconf 91' lang='lat' dir='ltr'><strong>optime</strong></span> 
     </span>
     <span class='ocr_line' id='line_1_11' title="bbox 41 1779 1159 1869; baseline -0.004 -14"><span class='ocrx_word' id='word_1_43' title='bbox 41 1779 44 1786; x_wconf 32' lang='grc' dir='ltr'>Ι</span> <span class='ocrx_word' id='word_1_44' title='bbox 112 1784 223 1864; x_wconf 70' lang='lat' dir='ltr'><strong>Pater,</strong></span> <span class='ocrx_word' id='word_1_45' title='bbox 253 1796 319 1851; x_wconf 83' lang='lat' dir='ltr'><strong>fidei</strong></span> <span class='ocrx_word' id='word_1_46' title='bbox 348 1805 378 1849; x_wconf 86' lang='lat' dir='ltr'><strong>et</strong></span> <span class='ocrx_word' id='word_1_47' title='bbox 404 1796 506 1869; x_wconf 86' lang='lat' dir='ltr'><strong>pietati</strong></span> <span class='ocrx_word' id='word_1_48' title='bbox 537 1807 594 1852; x_wconf 74' lang='lat' dir='ltr'><strong>tute</strong></span> <span class='ocrx_word' id='word_1_49' title='bbox 625 1802 806 1855; x_wconf 87' lang='lat' dir='ltr'><strong>commendo</strong></span> <span class='ocrx_word' id='word_1_50' title='bbox 833 1780 999 1867; x_wconf 82' lang='lat' dir='ltr'><strong>diligenter.</strong></span> <span class='ocrx_word' id='word_1_51' title='bbox 1055 1797 1159 1852; x_wconf 82' lang='lat' dir='ltr'><strong>Scriba</strong></span> 
     </span>
     <span class='ocr_line' id='line_1_12' title="bbox 113 1891 1160 1964; baseline -0.001 -19"><span class='ocrx_word' id='word_1_52' title='bbox 113 1893 191 1946; x_wconf 91' lang='lat' dir='ltr'><strong>euim</strong></span> <span class='ocrx_word' id='word_1_53' title='bbox 215 1903 261 1945; x_wconf 91' lang='lat' dir='ltr'><strong>est</strong></span> <span class='ocrx_word' id='word_1_54' title='bbox 285 1906 390 1944; x_wconf 88' lang='lat' dir='ltr'><strong>manus</strong></span> <span class='ocrx_word' id='word_1_55' title='bbox 410 1891 572 1961; x_wconf 74' lang='lat' dir='ltr'><strong>expeditae,</strong></span> <span class='ocrx_word' id='word_1_56' title='bbox 598 1891 708 1964; x_wconf 80' lang='lat' dir='ltr'><strong>eloquii</strong></span> <span class='ocrx_word' id='word_1_57' title='bbox 727 1894 829 1960; x_wconf 86' lang='lat' dir='ltr'><strong>nitidi,</strong></span> <span class='ocrx_word' id='word_1_58' title='bbox 849 1894 954 1948; x_wconf 85' lang='lat' dir='ltr'><strong>deiude</strong></span> <span class='ocrx_word' id='word_1_59' title='bbox 971 1892 1079 1961; x_wconf 82' lang='lat' dir='ltr'><strong>ingenii</strong></span> <span class='ocrx_word' id='word_1_60' title='bbox 1099 1908 1160 1946; x_wconf 82' lang='lat' dir='ltr'><strong>riou</strong></span> 
     </span>
     <span class='ocr_line' id='line_1_13' title="bbox 113 1985 1162 2060; baseline -0.003 -19"><span class='ocrx_word' id='word_1_61' title='bbox 113 1985 261 2052; x_wconf 78' lang='lat' dir='ltr'><strong>vulgaris,</strong></span> <span class='ocrx_word' id='word_1_62' title='bbox 279 1996 399 2054; x_wconf 89' lang='lat' dir='ltr'><strong>praeter</strong></span> <span class='ocrx_word' id='word_1_63' title='bbox 416 2000 536 2038; x_wconf 82' lang='lat' dir='ltr'><strong>tuorum</strong></span> <span class='ocrx_word' id='word_1_64' title='bbox 556 1986 646 2041; x_wconf 88' lang='lat' dir='ltr'><strong>etium</strong></span> <span class='ocrx_word' id='word_1_65' title='bbox 666 2005 720 2060; x_wconf 86' lang='lat' dir='ltr'><strong>per</strong></span> <span class='ocrx_word' id='word_1_66' title='bbox 738 2005 770 2044; x_wconf 88' lang='lat' dir='ltr'><strong>se</strong></span> <span class='ocrx_word' id='word_1_67' title='bbox 784 1988 955 2043; x_wconf 79' lang='lat' dir='ltr'>amabilium</span> <span class='ocrx_word' id='word_1_68' title='bbox 975 1995 1162 2042; x_wconf 86' lang='lat' dir='ltr'><strong>ornamenta.</strong></span> 
     </span>
     <span class='ocr_line' id='line_1_14' title="bbox 112 2077 1162 2152; baseline -0.003 -17"><span class='ocrx_word' id='word_1_69' title='bbox 112 2077 202 2135; x_wconf 85' lang='lat' dir='ltr'><strong>Petiit</strong></span> <span class='ocrx_word' id='word_1_70' title='bbox 231 2079 306 2148; x_wconf 85' lang='lat' dir='ltr'><strong>apud</strong></span> <span class='ocrx_word' id='word_1_71' title='bbox 336 2077 508 2149; x_wconf 85' lang='lat' dir='ltr'><strong>Principem</strong></span> <span class='ocrx_word' id='word_1_72' title='bbox 536 2080 710 2135; x_wconf 81' lang='lat' dir='ltr'><strong>famulatum</strong></span> <span class='ocrx_word' id='word_1_73' title='bbox 727 2122 737 2151; x_wconf 95' lang='lat'><strong>,</strong></span> <span class='ocrx_word' id='word_1_74' title='bbox 773 2082 826 2136; x_wconf 86' lang='lat' dir='ltr'><strong>sed</strong></span> <span class='ocrx_word' id='word_1_75' title='bbox 861 2081 940 2137; x_wconf 84' lang='lat' dir='ltr'><strong>noeti</strong></span> <span class='ocrx_word' id='word_1_76' title='bbox 974 2083 1162 2152; x_wconf 80' lang='lat' dir='ltr'><strong>desperatam</strong></span> 
     </span>
     <span class='ocr_line' id='line_1_15' title="bbox 112 2173 1162 2246; baseline 0.003 -22"><span class='ocrx_word' id='word_1_77' title='bbox 112 2174 193 2232; x_wconf 85' lang='lat' dir='ltr'><strong>illum</strong></span> <span class='ocrx_word' id='word_1_78' title='bbox 211 2173 386 2243; x_wconf 85' lang='lat' dir='ltr'><strong>parcitatem</strong></span> <span class='ocrx_word' id='word_1_79' title='bbox 409 2183 438 2226; x_wconf 92' lang='lat' dir='ltr'><strong>et</strong></span> <span class='ocrx_word' id='word_1_80' title='bbox 458 2190 553 2245; x_wconf 87' lang='lat' dir='ltr'><strong>prope</strong></span> <span class='ocrx_word' id='word_1_81' title='bbox 570 2174 727 2246; x_wconf 80' lang='lat' dir='ltr'><strong>plusquam</strong></span> <span class='ocrx_word' id='word_1_82' title='bbox 746 2175 964 2242; x_wconf 70' lang='lat' dir='ltr'><strong>rusticitatem,</strong></span> <span class='ocrx_word' id='word_1_83' title='bbox 985 2176 1162 2229; x_wconf 86' lang='lat' dir='ltr'><strong>tenuitatem</strong></span> 
     </span>
     <span class='ocr_line' id='line_1_16' title="bbox 114 2267 1162 2340; baseline -0.001 -20"><span class='ocrx_word' id='word_1_84' title='bbox 114 2267 205 2320; x_wconf 75' lang='lat' dir='ltr'><strong>curio</strong></span> <span class='ocrx_word' id='word_1_85' title='bbox 225 2267 348 2320; x_wconf 84' lang='lat' dir='ltr'><strong>ducalis.</strong></span> <span class='ocrx_word' id='word_1_86' title='bbox 385 2267 495 2321; x_wconf 90' lang='lat' dir='ltr'><strong>Omnia</strong></span> <span class='ocrx_word' id='word_1_87' title='bbox 515 2268 594 2323; x_wconf 80' lang='lat' dir='ltr'><strong>&#39;enim</strong></span> <span class='ocrx_word' id='word_1_88' title='bbox 613 2279 685 2324; x_wconf 88' lang='lat' dir='ltr'><strong>suut</strong></span> <span class='ocrx_word' id='word_1_89' title='bbox 697 2280 854 2340; x_wconf 82' lang='lat' dir='ltr'><strong>occupata.</strong></span> <span class='ocrx_word' id='word_1_90' title='bbox 899 2267 998 2323; x_wconf 87' lang='lat' dir='ltr'><strong>Habet</strong></span> <span class='ocrx_word' id='word_1_91' title='bbox 1017 2279 1162 2338; x_wconf 85' lang='lat' dir='ltr'><strong>praeterea</strong></span> 
     </span>
     <span class='ocr_line' id='line_1_17' title="bbox 114 2360 1164 2435; baseline 0.001 -23"><span class='ocrx_word' id='word_1_92' title='bbox 114 2360 303 2433; x_wconf 85' lang='lat' dir='ltr'><strong>occultarum</strong></span> <span class='ocrx_word' id='word_1_93' title='bbox 320 2361 429 2429; x_wconf 89' lang='lat' dir='ltr'><strong>aliquid</strong></span> <span class='ocrx_word' id='word_1_94' title='bbox 449 2362 646 2417; x_wconf 81' lang='lat' dir='ltr'><strong>tentationum</strong></span> <span class='ocrx_word' id='word_1_95' title='bbox 667 2362 696 2418; x_wconf 91' lang='lat' dir='ltr'><strong>in</strong></span> <span class='ocrx_word' id='word_1_96' title='bbox 715 2363 839 2435; x_wconf 86' lang='lat' dir='ltr'><strong>spiritu,</strong></span> <span class='ocrx_word' id='word_1_97' title='bbox 861 2376 988 2435; x_wconf 82' lang='lat' dir='ltr'><strong>quarum</strong></span> <span class='ocrx_word' id='word_1_98' title='bbox 1011 2377 1066 2429; x_wconf 84' lang='lat' dir='ltr'><strong>ego</strong></span> <span class='ocrx_word' id='word_1_99' title='bbox 1087 2377 1164 2429; x_wconf 81' lang='lat' dir='ltr'><strong>praa.</strong></span> 
     </span>
     <span class='ocr_line' id='line_1_18' title="bbox 114 2453 1162 2526; baseline 0.002 -20"><span class='ocrx_word' id='word_1_100' title='bbox 114 2463 163 2507; x_wconf 87' lang='lat' dir='ltr'><strong>ter</strong></span> <span class='ocrx_word' id='word_1_101' title='bbox 180 2463 209 2507; x_wconf 94' lang='lat' dir='ltr'><strong>te</strong></span> <span class='ocrx_word' id='word_1_102' title='bbox 224 2454 276 2507; x_wconf 87' lang='lat' dir='ltr'><strong>vix</strong></span> <span class='ocrx_word' id='word_1_103' title='bbox 295 2454 387 2508; x_wconf 86' lang='lat' dir='ltr'><strong>eredo</strong></span> <span class='ocrx_word' id='word_1_104' title='bbox 409 2455 536 2526; x_wconf 84' lang='lat' dir='ltr'><strong>aliquem</strong></span> <span class='ocrx_word' id='word_1_105' title='bbox 556 2457 586 2511; x_wconf 92' lang='lat' dir='ltr'><strong>in</strong></span> <span class='ocrx_word' id='word_1_106' title='bbox 607 2468 659 2512; x_wconf 89' lang='lat' dir='ltr'><strong>tuo</strong></span> <span class='ocrx_word' id='word_1_107' title='bbox 680 2464 832 2512; x_wconf 79' lang='lat' dir='ltr'><strong>conventu</strong></span> <span class='ocrx_word' id='word_1_108' title='bbox 850 2455 1018 2510; x_wconf 80' lang='lat' dir='ltr'><strong>cortesium.</strong></span> <span class='ocrx_word' id='word_1_109' title='bbox 1059 2453 1087 2507; x_wconf 89' lang='lat' dir='ltr'><strong>Si</strong></span> <span class='ocrx_word' id='word_1_110' title='bbox 1112 2469 1162 2508; x_wconf 84' lang='lat' dir='ltr'><strong>eas</strong></span> 
     </span>
     <span class='ocr_line' id='line_1_19' title="bbox 116 2546 1164 2623; baseline 0 -22"><span class='ocrx_word' id='word_1_111' title='bbox 116 2548 170 2602; x_wconf 90' lang='lat' dir='ltr'><strong>tibi</strong></span> <span class='ocrx_word' id='word_1_112' title='bbox 187 2549 292 2603; x_wconf 84' lang='lat' dir='ltr'><strong>volens</strong></span> <span class='ocrx_word' id='word_1_113' title='bbox 309 2549 399 2603; x_wconf 84' lang='lat' dir='ltr'><strong>luerit</strong></span> <span class='ocrx_word' id='word_1_114' title='bbox 414 2549 588 2618; x_wconf 77' lang='lat' dir='ltr'><strong>consessus,</strong></span> <span class='ocrx_word' id='word_1_115' title='bbox 608 2551 722 2623; x_wconf 87' lang='lat' dir='ltr'><strong>poteris</strong></span> <span class='ocrx_word' id='word_1_116' title='bbox 737 2549 899 2617; x_wconf 84' lang='lat' dir='ltr'><strong>consolari,</strong></span> <span class='ocrx_word' id='word_1_117' title='bbox 917 2549 995 2604; x_wconf 87' lang='lat' dir='ltr'><strong>sicut</strong></span> <span class='ocrx_word' id='word_1_118' title='bbox 1010 2546 1164 2603; x_wconf 78' lang='lat' dir='ltr'><strong>Dominus</strong></span> 
     </span>
     <span class='ocr_line' id='line_1_20' title="bbox 116 2644 280 2716; baseline -0.006 -15"><span class='ocrx_word' id='word_1_119' title='bbox 116 2644 280 2716; x_wconf 84' lang='lat' dir='ltr'><strong>inspirarit.</strong></span> 
     </span>
    </p>

    <p class='ocr_par' dir='ltr' id='par_1_8' title="bbox 115 2736 1173 3658">
     <span class='ocr_line' id='line_1_21' title="bbox 186 2736 1165 2810; baseline 0 -18"><span class='ocrx_word' id='word_1_120' title='bbox 186 2738 253 2793; x_wconf 87' lang='lat' dir='ltr'><strong>lloe</strong></span> <span class='ocrx_word' id='word_1_121' title='bbox 275 2740 342 2794; x_wconf 85' lang='lat' dir='ltr'><strong>ideo</strong></span> <span class='ocrx_word' id='word_1_122' title='bbox 361 2739 447 2810; x_wconf 86' lang='lat' dir='ltr'><strong>dieo,</strong></span> <span class='ocrx_word' id='word_1_123' title='bbox 464 2747 498 2794; x_wconf 90' lang='lat' dir='ltr'><strong>ut</strong></span> <span class='ocrx_word' id='word_1_124' title='bbox 520 2736 653 2796; x_wconf 87' lang='lat' dir='ltr'><strong>hominis</strong></span> <span class='ocrx_word' id='word_1_125' title='bbox 674 2739 790 2795; x_wconf 85' lang='lat' dir='ltr'><strong>facilius</strong></span> <span class='ocrx_word' id='word_1_126' title='bbox 805 2737 996 2806; x_wconf 79' lang='lat' dir='ltr'><strong>miserearis,</strong></span> <span class='ocrx_word' id='word_1_127' title='bbox 1015 2738 1112 2808; x_wconf 87' lang='lat' dir='ltr'><strong>quiet</strong></span> <span class='ocrx_word' id='word_1_128' title='bbox 1129 2737 1165 2792; x_wconf 87' lang='lat' dir='ltr'><strong>ad</strong></span> 
     </span>
     <span class='ocr_line' id='line_1_22' title="bbox 117 2816 1167 2907; baseline -0.006 -19"><span class='ocrx_word' id='word_1_129' title='bbox 117 2835 340 2891; x_wconf 85' lang='lat' dir='ltr'><strong>mendicitatem</strong></span> <span class='ocrx_word' id='word_1_130' title='bbox 373 2850 468 2907; x_wconf 91' lang='lat' dir='ltr'><strong>usque</strong></span> <span class='ocrx_word' id='word_1_131' title='bbox 498 2816 697 2890; x_wconf 73' lang='lat' dir='ltr'><strong>tentationum</strong></span> <span class='ocrx_word' id='word_1_132' title='bbox 723 2833 897 2904; x_wconf 84' lang='lat' dir='ltr'><strong>hujusmodi</strong></span> <span class='ocrx_word' id='word_1_133' title='bbox 925 2832 1068 2904; x_wconf 87' lang='lat' dir='ltr'><strong>procellis</strong></span> <span class='ocrx_word' id='word_1_134' title='bbox 1098 2847 1167 2904; x_wconf 88' lang='lat' dir='ltr'><strong>per.</strong></span> 
     </span>
     <span class='ocr_line' id='line_1_23' title="bbox 115 2924 1165 3003; baseline -0.007 -19"><span class='ocrx_word' id='word_1_135' title='bbox 115 2931 225 2984; x_wconf 81' lang='lat' dir='ltr'><strong>duetus</strong></span> <span class='ocrx_word' id='word_1_136' title='bbox 249 2941 309 2986; x_wconf 88' lang='lat' dir='ltr'><strong>est:</strong></span> <span class='ocrx_word' id='word_1_137' title='bbox 336 2930 418 2986; x_wconf 86' lang='lat' dir='ltr'><strong>venit</strong></span> <span class='ocrx_word' id='word_1_138' title='bbox 440 2930 476 2985; x_wconf 89' lang='lat' dir='ltr'><strong>ad</strong></span> <span class='ocrx_word' id='word_1_139' title='bbox 503 2929 661 2985; x_wconf 77' lang='lat' dir='ltr'><strong>nossetis</strong></span> <span class='ocrx_word' id='word_1_140' title='bbox 689 2928 775 2983; x_wconf 88' lang='lat' dir='ltr'><strong>bouis</strong></span> <span class='ocrx_word' id='word_1_141' title='bbox 802 2927 982 3003; x_wconf 80' lang='lat' dir='ltr'><strong>testimoniis</strong></span> <span class='ocrx_word' id='word_1_142' title='bbox 1014 2924 1165 2979; x_wconf 87' lang='lat' dir='ltr'><strong>bonorum</strong></span> 
     </span>
     <span class='ocr_line' id='line_1_24' title="bbox 118 3019 1168 3094; baseline -0.005 -18"><span class='ocrx_word' id='word_1_143' title='bbox 118 3023 280 3090; x_wconf 84' lang='lat' dir='ltr'><strong>virorum,</strong></span> <span class='ocrx_word' id='word_1_144' title='bbox 315 3025 432 3080; x_wconf 86' lang='lat' dir='ltr'><strong>seilicet</strong></span> <span class='ocrx_word' id='word_1_145' title='bbox 457 3025 551 3079; x_wconf 88' lang='lat' dir='ltr'><strong>literis</strong></span> <span class='ocrx_word' id='word_1_146' title='bbox 577 3031 607 3076; x_wconf 84' lang='lat' dir='ltr'><strong>et</strong></span> <span class='ocrx_word' id='word_1_147' title='bbox 632 3022 819 3090; x_wconf 75' lang='lat' dir='ltr'><strong>cognitoriis.</strong></span> <span class='ocrx_word' id='word_1_148' title='bbox 862 3021 942 3094; x_wconf 77' lang='lat' dir='ltr'><strong>Quid</strong></span> <span class='ocrx_word' id='word_1_149' title='bbox 961 3020 1079 3075; x_wconf 78' lang='lat' dir='ltr'><strong>dicam?</strong></span> <span class='ocrx_word' id='word_1_150' title='bbox 1104 3019 1168 3088; x_wconf 87' lang='lat' dir='ltr'><strong>ipsa</strong></span> 
     </span>
     <span class='ocr_line' id='line_1_25' title="bbox 119 3113 1167 3186; baseline 0 -19"><span class='ocrx_word' id='word_1_151' title='bbox 119 3130 240 3169; x_wconf 88' lang='lat' dir='ltr'><strong>morum</strong></span> <span class='ocrx_word' id='word_1_152' title='bbox 261 3116 389 3172; x_wconf 84' lang='lat' dir='ltr'><strong>civilitas</strong></span> <span class='ocrx_word' id='word_1_153' title='bbox 405 3126 435 3171; x_wconf 86' lang='lat' dir='ltr'><strong>et</strong></span> <span class='ocrx_word' id='word_1_154' title='bbox 452 3116 597 3172; x_wconf 87' lang='lat' dir='ltr'><strong>honestas</strong></span> <span class='ocrx_word' id='word_1_155' title='bbox 619 3116 692 3171; x_wconf 87' lang='lat' dir='ltr'><strong>eatis</strong></span> <span class='ocrx_word' id='word_1_156' title='bbox 715 3115 769 3170; x_wconf 94' lang='lat' dir='ltr'><strong>tibi</strong></span> <span class='ocrx_word' id='word_1_157' title='bbox 790 3115 1003 3186; x_wconf 84' lang='lat' dir='ltr'><strong>persuadebit,</strong></span> <span class='ocrx_word' id='word_1_158' title='bbox 1022 3123 1056 3168; x_wconf 92' lang='lat' dir='ltr'><strong>ut</strong></span> <span class='ocrx_word' id='word_1_159' title='bbox 1076 3113 1167 3167; x_wconf 83' lang='lat' dir='ltr'><strong>facias</strong></span> 
     </span>
     <span class='ocr_line' id='line_1_26' title="bbox 120 3203 1169 3279; baseline -0.002 -18"><span class='ocrx_word' id='word_1_160' title='bbox 120 3210 201 3278; x_wconf 83' lang='lat' dir='ltr'><strong>quod</strong></span> <span class='ocrx_word' id='word_1_161' title='bbox 222 3203 317 3278; x_wconf 83' lang='lat' dir='ltr'><strong>rogo,</strong></span> <span class='ocrx_word' id='word_1_162' title='bbox 344 3212 373 3266; x_wconf 87' lang='lat' dir='ltr'><strong>id</strong></span> <span class='ocrx_word' id='word_1_163' title='bbox 396 3218 464 3272; x_wconf 77' lang='lat' dir='ltr'><strong>est,</strong></span> <span class='ocrx_word' id='word_1_164' title='bbox 492 3219 527 3264; x_wconf 93' lang='lat' dir='ltr'><strong>ut</strong></span> <span class='ocrx_word' id='word_1_165' title='bbox 549 3207 671 3278; x_wconf 85' lang='lat' dir='ltr'><strong>adjuves</strong></span> <span class='ocrx_word' id='word_1_166' title='bbox 686 3209 762 3278; x_wconf 89' lang='lat' dir='ltr'><strong>apud</strong></span> <span class='ocrx_word' id='word_1_167' title='bbox 779 3207 949 3264; x_wconf 88' lang='lat' dir='ltr'><strong>Dominum</strong></span> <span class='ocrx_word' id='word_1_168' title='bbox 968 3207 1169 3279; x_wconf 82' lang='lat' dir='ltr'><strong>Praepositum</strong></span> 
     </span>
     <span class='ocr_line' id='line_1_27' title="bbox 121 3283 1171 3376; baseline -0.004 -20"><span class='ocrx_word' id='word_1_169' title='bbox 121 3283 329 3371; x_wconf 81' lang='lat' dir='ltr'><strong>lleuniugam,</strong></span> <span class='ocrx_word' id='word_1_170' title='bbox 346 3303 371 3358; x_wconf 90' lang='lat' dir='ltr'><strong>si</strong></span> <span class='ocrx_word' id='word_1_171' title='bbox 386 3301 482 3376; x_wconf 89' lang='lat' dir='ltr'><strong>possit</strong></span> <span class='ocrx_word' id='word_1_172' title='bbox 496 3303 612 3374; x_wconf 90' lang='lat' dir='ltr'><strong>uspiam</strong></span> <span class='ocrx_word' id='word_1_173' title='bbox 632 3302 708 3374; x_wconf 83' lang='lat' dir='ltr'><strong>apud</strong></span> <span class='ocrx_word' id='word_1_174' title='bbox 725 3301 887 3356; x_wconf 80' lang='lat' dir='ltr'><strong>Praelatum</strong></span> <span class='ocrx_word' id='word_1_175' title='bbox 906 3317 967 3357; x_wconf 78' lang='lat' dir='ltr'><strong>sua</strong></span> <span class='ocrx_word' id='word_1_176' title='bbox 985 3303 1057 3356; x_wconf 82' lang='lat' dir='ltr'><strong>artie</strong></span> <span class='ocrx_word' id='word_1_177' title='bbox 1079 3317 1171 3369; x_wconf 85' lang='lat' dir='ltr'><strong>nego.</strong></span> 
     </span>
     <span class='ocr_line' id='line_1_28' title="bbox 120 3394 1171 3469; baseline -0.001 -20"><span class='ocrx_word' id='word_1_178' title='bbox 120 3397 195 3450; x_wconf 93' lang='lat' dir='ltr'><strong>tium</strong></span> <span class='ocrx_word' id='word_1_179' title='bbox 232 3396 392 3458; x_wconf 79' lang='lat' dir='ltr'><strong>obtinere,</strong></span> <span class='ocrx_word' id='word_1_180' title='bbox 425 3396 523 3452; x_wconf 83' lang='lat' dir='ltr'><strong>donee</strong></span> <span class='ocrx_word' id='word_1_181' title='bbox 548 3394 641 3469; x_wconf 66' lang='lat' dir='ltr'><strong>paulo*</strong></span> <span class='ocrx_word' id='word_1_182' title='bbox 664 3409 769 3450; x_wconf 85' lang='lat' dir='ltr'><strong>rursus</strong></span> <span class='ocrx_word' id='word_1_183' title='bbox 794 3395 1016 3465; x_wconf 80' lang='lat' dir='ltr'><strong>pinguesceret.</strong></span> <span class='ocrx_word' id='word_1_184' title='bbox 1070 3394 1171 3449; x_wconf 84' lang='lat' dir='ltr'><strong>Totus</strong></span> 
     </span>
     <span class='ocr_line' id='line_1_29' title="bbox 122 3487 1173 3566; baseline -0.004 -24"><span class='ocrx_word' id='word_1_185' title='bbox 122 3490 199 3545; x_wconf 84' lang='lat' dir='ltr'><strong>onim</strong></span> <span class='ocrx_word' id='word_1_186' title='bbox 220 3506 332 3562; x_wconf 86' lang='lat' dir='ltr'><strong>pauper</strong></span> <span class='ocrx_word' id='word_1_187' title='bbox 348 3499 403 3546; x_wconf 86' lang='lat' dir='ltr'><strong>est.</strong></span> <span class='ocrx_word' id='word_1_188' title='bbox 432 3489 546 3566; x_wconf 73' lang='lat' dir='ltr'><strong>¹Quod</strong></span> <span class='ocrx_word' id='word_1_189' title='bbox 569 3491 593 3546; x_wconf 88' lang='lat' dir='ltr'><strong>si</strong></span> <span class='ocrx_word' id='word_1_190' title='bbox 616 3489 706 3546; x_wconf 85' lang='lat' dir='ltr'><strong>etiam</strong></span> <span class='ocrx_word' id='word_1_191' title='bbox 730 3487 930 3560; x_wconf 77' lang='lat' dir='ltr'><strong>hospitareris</strong></span> <span class='ocrx_word' id='word_1_192' title='bbox 956 3488 1073 3542; x_wconf 88' lang='lat' dir='ltr'><strong>eumin</strong></span> <span class='ocrx_word' id='word_1_193' title='bbox 1098 3504 1173 3541; x_wconf 86' lang='lat' dir='ltr'><strong>con.</strong></span> 
     </span>
     <span class='ocr_line' id='line_1_30' title="bbox 121 3572 1170 3658; baseline -0.009 -18"><span class='ocrx_word' id='word_1_194' title='bbox 121 3595 214 3640; x_wconf 79' lang='lat' dir='ltr'><strong>uentu</strong></span> <span class='ocrx_word' id='word_1_195' title='bbox 240 3585 407 3658; x_wconf 85' lang='lat' dir='ltr'><strong>paulisper,</strong></span> <span class='ocrx_word' id='word_1_196' title='bbox 434 3585 546 3648; x_wconf 82' lang='lat' dir='ltr'><strong>eredo.</strong></span> <span class='ocrx_word' id='word_1_197' title='bbox 574 3585 657 3658; x_wconf 84' lang='lat' dir='ltr'><strong>quod</strong></span> <span class='ocrx_word' id='word_1_198' title='bbox 683 3582 838 3638; x_wconf 84' lang='lat' dir='ltr'><strong>Christum</strong></span> <span class='ocrx_word' id='word_1_199' title='bbox 864 3572 1047 3652; x_wconf 80' lang='lat' dir='ltr'><strong>hospitabis.‘</strong></span> <span class='ocrx_word' id='word_1_200' title='bbox 1086 3578 1170 3633; x_wconf 87' lang='lat' dir='ltr'><strong>Vale.</strong></span> 
     </span>
    </p>

    <p class='ocr_par' dir='ltr' id='par_1_9' title="bbox 122 3674 1175 4135">
     <span class='ocr_line' id='line_1_31' title="bbox 187 3674 1172 3748; baseline -0.012 -12"><span class='ocrx_word' id='word_1_201' title='bbox 187 3678 400 3736; x_wconf 86' lang='lat' dir='ltr'><strong>Revereudum</strong></span> <span class='ocrx_word' id='word_1_202' title='bbox 422 3679 546 3735; x_wconf 86' lang='lat' dir='ltr'><strong>Patrem</strong></span> <span class='ocrx_word' id='word_1_203' title='bbox 564 3679 719 3734; x_wconf 86' lang='lat' dir='ltr'><strong>Vieariam</strong></span> <span class='ocrx_word' id='word_1_204' title='bbox 741 3677 805 3748; x_wconf 86' lang='lat' dir='ltr'><strong>jam</strong></span> <span class='ocrx_word' id='word_1_205' title='bbox 826 3683 888 3731; x_wconf 89' lang='lat' dir='ltr'><strong>tres</strong></span> <span class='ocrx_word' id='word_1_206' title='bbox 909 3674 1088 3746; x_wconf 81' lang='lat' dir='ltr'><strong>septimanas</strong></span> <span class='ocrx_word' id='word_1_207' title='bbox 1118 3689 1172 3727; x_wconf 79' lang='lat' dir='ltr'><strong>ex.</strong></span> 
     </span>
     <span class='ocr_line' id='line_1_32' title="bbox 122 3749 1172 3848; baseline -0.01 -16"><span class='ocrx_word' id='word_1_208' title='bbox 122 3749 264 3848; x_wconf 71' lang='lat' dir='ltr'><strong>pectavi,</strong></span> <span class='ocrx_word' id='word_1_209' title='bbox 295 3776 347 3832; x_wconf 80' lang='lat' dir='ltr'><strong>sed</strong></span> <span class='ocrx_word' id='word_1_210' title='bbox 381 3757 533 3847; x_wconf 84' lang='lat' dir='ltr'><strong>nunquam</strong></span> <span class='ocrx_word' id='word_1_211' title='bbox 558 3774 671 3830; x_wconf 84' lang='lat' dir='ltr'><strong>eertiue</strong></span> <span class='ocrx_word' id='word_1_212' title='bbox 696 3788 786 3846; x_wconf 85' lang='lat' dir='ltr'><strong>quam</strong></span> <span class='ocrx_word' id='word_1_213' title='bbox 812 3771 924 3838; x_wconf 71' lang='lat' dir='ltr'><strong>hodie,</strong></span> <span class='ocrx_word' id='word_1_214' title='bbox 953 3785 992 3823; x_wconf 89' lang='lat' dir='ltr'><strong>ex</strong></span> <span class='ocrx_word' id='word_1_215' title='bbox 1018 3768 1172 3837; x_wconf 83' lang='lat' dir='ltr'><strong>llerzberg</strong></span> 
     </span>
     <span class='ocr_line' id='line_1_33' title="bbox 124 3863 1175 3940; baseline -0.012 -12"><span class='ocrx_word' id='word_1_216' title='bbox 124 3885 286 3929; x_wconf 89' lang='lat' dir='ltr'><strong>venturum</strong></span> <span class='ocrx_word' id='word_1_217' title='bbox 302 3870 391 3928; x_wconf 84' lang='lat' dir='ltr'><strong>etiam</strong></span> <span class='ocrx_word' id='word_1_218' title='bbox 410 3869 583 3940; x_wconf 82' lang='lat' dir='ltr'><strong>praesumsi.</strong></span> <span class='ocrx_word' id='word_1_219' title='bbox 604 3867 788 3926; x_wconf 82' lang='lat' dir='ltr'><strong>commenda</strong></span> <span class='ocrx_word' id='word_1_220' title='bbox 805 3883 856 3922; x_wconf 88' lang='lat' dir='ltr'><strong>me</strong></span> <span class='ocrx_word' id='word_1_221' title='bbox 873 3863 1007 3937; x_wconf 86' lang='lat' dir='ltr'><strong>patribus</strong></span> <span class='ocrx_word' id='word_1_222' title='bbox 1026 3874 1056 3917; x_wconf 89' lang='lat' dir='ltr'><strong>et</strong></span> <span class='ocrx_word' id='word_1_223' title='bbox 1073 3864 1175 3917; x_wconf 76' lang='lat' dir='ltr'><strong>fratri.</strong></span> 
     </span>
     <span class='ocr_line' id='line_1_34' title="bbox 124 3958 1173 4041; baseline -0.012 -18"><span class='ocrx_word' id='word_1_224' title='bbox 124 3966 199 4040; x_wconf 86' lang='lat' dir='ltr'><strong>bus,</strong></span> <span class='ocrx_word' id='word_1_225' title='bbox 218 3979 252 4025; x_wconf 91' lang='lat' dir='ltr'><strong>ut</strong></span> <span class='ocrx_word' id='word_1_226' title='bbox 271 3986 393 4041; x_wconf 86' lang='lat' dir='ltr'><strong>prome</strong></span> <span class='ocrx_word' id='word_1_227' title='bbox 414 3970 526 4025; x_wconf 90' lang='lat' dir='ltr'><strong>misero</strong></span> <span class='ocrx_word' id='word_1_228' title='bbox 547 3975 646 4023; x_wconf 89' lang='lat' dir='ltr'><strong>orent.</strong></span> <span class='ocrx_word' id='word_1_229' title='bbox 682 3963 769 4039; x_wconf 82' lang='lat' dir='ltr'><strong>Quia</strong></span> <span class='ocrx_word' id='word_1_230' title='bbox 787 3963 864 4018; x_wconf 87' lang='lat' dir='ltr'><strong>iuter</strong></span> <span class='ocrx_word' id='word_1_231' title='bbox 889 3961 1021 4032; x_wconf 89' lang='lat' dir='ltr'><strong>optimos</strong></span> <span class='ocrx_word' id='word_1_232' title='bbox 1048 3958 1173 4029; x_wconf 76' lang='lat' dir='ltr'><strong>fratres,</strong></span> 
     </span>
     <span class='ocr_line' id='line_1_35' title="bbox 125 4053 1175 4135; baseline -0.01 -19"><span class='ocrx_word' id='word_1_233' title='bbox 125 4064 162 4118; x_wconf 80' lang='lat' dir='ltr'><strong>‹le</strong></span> <span class='ocrx_word' id='word_1_234' title='bbox 195 4066 241 4120; x_wconf 87' lang='lat' dir='ltr'><strong>die</strong></span> <span class='ocrx_word' id='word_1_235' title='bbox 263 4067 292 4121; x_wconf 91' lang='lat' dir='ltr'><strong>in</strong></span> <span class='ocrx_word' id='word_1_236' title='bbox 316 4066 394 4123; x_wconf 89' lang='lat' dir='ltr'><strong>diem</strong></span> <span class='ocrx_word' id='word_1_237' title='bbox 416 4064 491 4122; x_wconf 88' lang='lat' dir='ltr'><strong>mire</strong></span> <span class='ocrx_word' id='word_1_238' title='bbox 519 4059 761 4135; x_wconf 83' lang='lat' dir='ltr'><strong>proficientibus,</strong></span> <span class='ocrx_word' id='word_1_239' title='bbox 794 4071 849 4129; x_wconf 76' lang='lat' dir='ltr'><strong>ego</strong></span> <span class='ocrx_word' id='word_1_240' title='bbox 875 4073 954 4111; x_wconf 85' lang='lat' dir='ltr'><strong>nuuc</strong></span> <span class='ocrx_word' id='word_1_241' title='bbox 981 4053 1110 4111; x_wconf 86' lang='lat' dir='ltr'><strong>delicio:</strong></span> <span class='ocrx_word' id='word_1_242' title='bbox 1142 4060 1175 4106; x_wconf 90' lang='lat' dir='ltr'><strong>ut</strong></span> 
     </span>
    </p>
   </div>
   <div class='ocr_carea' id='block_1_8' title="bbox 0 0 1320 4732">
    <p class='ocr_par' dir='ltr' id='par_1_10' title="bbox 0 0 1320 4732">
     <span class='ocr_line' id='line_1_36' title="bbox 0 0 1320 4732; baseline 0 0"><span class='ocrx_word' id='word_1_243' title='bbox 0 0 1320 4732; x_wconf 95' lang='lat' dir='ltr'><strong> </strong></span> 
     </span>
    </p>
   </div>
  </div>
 </body>
</html>
