2574 4732
509 363 515 374 ·
589 326 685 398 ests.

554 442 728 543 cesus.
774 486 789 505 ·'

114 637 265 730 Salutem.
307 670 435 730 Gaudeo
461 679 494 729 et
518 673 679 743 gratulor,
709 671 748 728 tt.
773 671 838 744 Ρ.,
866 681 898 730 to
922 680 1045 749 quoque
1069 689 1165 730 unum

115 784 223 827 eorum
244 782 328 830 esse,
348 767 379 822 in
399 766 507 839 quibus
524 778 669 839 operetur
689 783 769 823 crux
785 767 919 825 Christi:
945 780 1012 825 esto
1030 770 1079 826 vir
1099 770 1166 825 lor.

114 864 172 930 tis,
190 863 235 918 sie
253 862 333 930 itur,
351 864 413 916 imo
434 860 556 916 vehitur
573 861 609 916 od
627 870 716 917 estre.
763 859 885 918 Gratias
905 863 1019 931 agimus
1035 879 1091 935 pro
1108 863 1165 918 do.

111 957 160 1014 uis
181 956 251 1011 tuis.
287 955 509 1011 ceterum-cur
526 953 590 1026 ipse
610 954 646 1009 eal
668 970 808 1027 pompam
824 963 907 1010 tuam
929 972 990 1011 non
1008 959 1178 1026 venerim,
1251 1010 1257 1019 ,

113 1050 213 1106 nosti:
231 1048 384 1106 silentium
403 1057 543 1103 nostrum
560 1064 621 1102 nou
641 1048 717 1104 odeo
736 1049 960 1120 damnandum,
988 1066 1078 1124 quum
1099 1052 1164 1123 ipsu

114 1143 229 1200 itineris
248 1143 401 1209 conditio,
419 1156 478 1212 que
503 1139 556 1209 fit,
579 1149 614 1196 ut
636 1142 688 1214 qui
708 1142 745 1198 ad
763 1158 820 1198 vos
837 1142 910 1200 hino
934 1155 1002 1213 eet,
1020 1145 1070 1201 vel
1092 1159 1163 1201 raro

113 1239 161 1294 vel
183 1251 335 1309 uunquam
354 1233 530 1291 habeamus.

180 1330 341 1391 Hebraeum
359 1328 452 1384 istum
475 1337 631 1399 vestrum,
661 1344 753 1401 quem
773 1330 987 1400 commendas,
1020 1329 1163 1388 omnibus

113 1425 214 1483 modis
235 1432 320 1479 tuum
341 1421 473 1477 officium
490 1421 647 1492 imploro,
673 1432 707 1478 ut
728 1435 817 1478 cures
842 1423 879 1478 ad
900 1440 957 1480 nos
979 1424 1040 1480 ire:
1071 1424 1163 1496 idque

113 1534 152 1574 eo
170 1516 280 1585 magis,
299 1533 359 1588 quo
379 1515 428 1571 illc
447 1525 552 1571 noster
568 1515 782 1585 Bossenstein,
806 1517 928 1573 nomine
952 1517 1162 1588 Christianus,

115 1628 151 1667 rc
168 1624 241 1668 vera
259 1608 478 1679 Judaissimus,
497 1609 533 1664 ad
548 1621 660 1667 nostrae
673 1611 882 1677 Universitetis
901 1612 1093 1682 ignominiam
1114 1629 1163 1667 re.

113 1706 222 1772 cessit,
247 1713 369 1758 sumet
391 1712 424 1758 tu
447 1703 582 1760 nonnihil
600 1714 708 1760 nostro
729 1704 830 1761 studio
850 1703 970 1761 debeas.
1009 1704 1161 1765 Dabimus

112 1813 254 1872 operum,
278 1808 312 1853 ut
337 1797 467 1854 honeste
494 1799 591 1854 elotur
609 1798 641 1855 in
658 1799 800 1870 Christo,
830 1810 865 1856 et
881 1801 968 1871 digne
986 1800 1161 1857 conditione

112 1893 165 1949 hic
191 1905 271 1962 agat,
302 1909 363 1947 non
390 1894 482 1948 niodo
511 1893 622 1964 quod
614 1909 643 1948 m
663 1893 789 1950 Christo
811 1904 966 1950 recentem
985 1896 1089 1951 lovere
1108 1913 1162 1952 cu.

112 1988 224 2043 riosius
242 2001 348 2042 omnes
371 1985 535 2052 debemus,
553 1985 607 2040 sed
625 1994 658 2040 ut
677 1987 765 2056 digno
784 2002 906 2058 quoque
923 1989 1072 2109 stipendio
1090 2007 1162 2075 pro·

113 2080 262 2148 videntur,
279 2079 376 2134 nostri
394 2077 483 2134 officii
502 2079 551 2133 sit.

179 2171 425 2241 Disputationem
441 2180 577 2225 nostrum
594 2170 726 2225 (uturum
741 2170 988 2238 signavitEooius
1001 2173 1042 2229 tt
1056 2171 1159 2230 Junii:

113 2266 171 2322 orit
192 2273 292 2318 autem
316 2263 464 2317 interme
486 2272 517 2316 et
539 2264 656 2332 ipsum,
684 2273 718 2317 ut
739 2262 854 2318 videbis
877 2264 907 2317 in
929 2263 985 2318 hau
1004 2265 1158 2320 schedula.

111 2359 190 2416 Nam
209 2355 412 2411 Carolstedius
434 2370 496 2418 nou
518 2356 734 2422 congredietur·
748 2356 789 2409 illi
805 2358 834 2411 in
857 2356 920 2411 istis
939 2357 1158 2427 positionibus,

112 2463 178 2509 tum
198 2451 279 2521 quod
305 2452 377 2503 meae
402 2443 483 2516 sint',
515 2457 578 2502 tum
602 2449 683 2518 quod
707 2442 852 2503 sub'dolus
880 2449 1015 2520 sophista
1038 2467 1086 2505 eas
1109 2469 1158 2507 res

111 2532 208 2602 movit
228 2545 265 2599 de
285 2543 366 2615 Papa
384 2554 463 2609 eto„
489 2541 597 2611 quibus
617 2543 700 2596 illum
719 2543 767 2597 vel
790 2544 818 2597 in
839 2543 1007 2615 periculum
1025 2545 1159 2600 traheret

112 2640 219 2697 offensi
240 2639 327 2710 Papae
353 2638 456 2709 (qnod
489 2635 686 2708 prebendatis
715 2637 825 2691 malum
854 2637 1041 2692 intolerabile
1070 2640 1159 2705 est),

111 2735 159 2818 vel
177 2735 312 2806 periculo
330 2733 395 2802 ejus
397 2732 478 2830 modi
497 2730 693 2787 absterritum
711 2731 884 2787 traduceret
899 2732 964 2787 sine
983 2732 1063 2787 bello
1081 2734 1159 2788 sine.

111 2846 171 2901 que
189 2826 352 2883 uictoria.

139 2921 403 2991 congredietur
423 2928 522 2975 tamen
541 2919 606 2975 eliis
626 2918 735 2990 rebus,
754 2935 819 2992 qnae
839 2921 876 2975 de
892 2920 1042 2995 potestate
1060 2920 1159 2992 Papae,

111 3016 158 3074 vel
182 3015 370 3086 indulgentiis
395 3015 493 3071 silent.
540 3013 620 3070 Nam
645 3016 809 3084 impiissimi
837 3016 977 3072 homines
1005 3016 1059 3071 lias
1079 3017 1159 3072 solas

110 3128 161 3167 res
174 3110 261 3165 nobis
281 3113 411 3180 reliquas
430 3111 585 3177 lecerunt,
604 3107 634 3162 in
653 3124 726 3178 quus
743 3108 838 3179 possit
858 3107 1046 3164 Christianus
1063 3109 1157 3165 homo

109 3220 258 3277 peccare,
283 3219 353 3257 oum
376 3202 496 3256 interim
517 3194 635 3273 ipsimet
656 3203 717 3258 Dei
736 3215 881 3275 praeceptu
901 3203 1065 3259 loedissime
1086 3221 1160 3280 oon.

111 3308 263 3370 spuroent.
298 3297 423 3351 Timent
441 3306 540 3350 autem
561 3312 666 3351 omnes
684 3295 776 3365 mihi,
794 3311 832 3350 ne
851 3296 881 3351 in
896 3282 1074 3352 duodecima
1087 3313 1159 3369 pro.

110 3391 260 3462 positione
285 3390 414 3460 pessime
432 3390 489 3443 sim
511 3389 685 3445 habiturus:
705 3405 761 3458 ego
782 3406 856 3446 vero
881 3390 938 3446 etsi
959 3406 1030 3460 uon„
1040 3405 1159 3459 sperem

110 3501 160 3538 me
188 3492 345 3554 capturum
375 3481 609 3537 lubricissimum
632 3483 818 3553 sophistam,
860 3484 965 3539 deinde
993 3485 1159 3539 clamosum

111 3580 240 3638 mirano
264 3578 449 3642 fastuosum,
480 3575 591 3630 tuebor
613 3577 736 3644 tamen,
758 3577 881 3633 Christo
905 3578 1051 3651 propitio,
1082 3594 1157 3636 meu.

110 3672 190 3730 Nam
210 3672 277 3726 ideo
297 3670 341 3725 sic
364 3670 460 3740 posita
479 3680 524 3723 est
537 3709 545 3729 .
558 3680 602 3731 ,ut
620 3672 741 3725 occasio
764 3671 837 3728 milti
859 3670 944 3726 lieret
964 3671 1159 3743 ineptissime.

112 3784 181 3826 rum
201 3778 229 3820 et
248 3749 406 3834 irripinriim
429 3762 623 3837 decretalium
645 3780 736 3831 nugas
764 3764 922 3834 aliquando
946 3765 976 3819 in
1004 3763 1159 3838 publicum

113 3862 257 3927 ducendi,
274 3839 383 3930 ⁴quibus
399 3860 510 3912 frustra
529 3868 681 3911 terremur
697 3856 878 3927 Christiani,
906 3874 976 3913 oum
996 3858 1055 3912 sint
1077 3872 1160 3911 rnen.

111 3956 205 4011 deciis
226 3955 361 4020 refertae,
388 3955 444 4008 sub
462 3951 582 4008 nornine
601 3936 744 4006 Ecclesiae
767 3951 909 4007 Romame
931 3949 1160 4007 commendatur.

112 4045 247 4120 Deteret
275 4047 415 4106 Christus
440 4047 538 4104 larvas
563 4063 695 4116 eorum,
726 4058 785 4117 et,
815 4054 851 4103 ut
877 4045 909 4102 iu
934 4044 999 4102 dub
1028 4042 1159 4113 dieitur,
