2574 4732
530 304 622 372 1521.
1047 300 1109 372 sn
1154 247 1157 252 ⁸

65 480 160 537 cogor
179 463 253 523 boio
272 469 416 539 portento
434 464 621 537 respondere
637 468 764 539 propter
782 460 826 519 D.
844 459 1032 534 Georgium,
1057 462 1109 534 qui

63 559 143 616 iliius
160 559 272 616 insanie
288 558 407 624 indetur
419 555 466 626 *).

131 653 204 713 Non
218 653 333 736 invitus
349 654 456 721 sudio,
474 661 506 708 et
522 663 554 708 te
571 652 633 724 peti
650 669 667 708 ιι
682 650 806 719 Leone,
823 657 856 705 ut
873 660 904 707 et
921 659 954 705 tu
973 667 1108 722 crucem,
1214 718 1219 729 Ι

63 761 152 823 quern
173 749 217 805 sic
236 747 423 819 praedicasti,
440 748 471 803 in
489 745 662 818 exemplum
680 745 778 814 eriges
798 745 919 799 mundo,
940 743 1012 800 Non
1029 749 1109 802 enim

63 844 173 923 reliem
187 854 242 896 tuo
255 856 402 913 responso
418 850 594 898 contentum
611 854 677 898 esse
698 839 799 909 lupum
813 837 912 903 ilium,
929 839 1011 909 quod
1024 839 1111 911 piore

65 937 91 992 ei
111 934 270 1003 tribueris,
295 943 385 1006 qutun
403 950 522 1007 equum
540 933 590 991 sit.
626 932 675 988 Sic
691 934 771 987 enim
791 948 825 987 ea
845 931 1110 1003 interpretabitur,

65 1030 150 1102 quasi
167 1031 198 1087 iu
211 1037 311 1085 totum
327 1009 419 1098 neges
440 1044 489 1085 me
505 1037 536 1083 et
553 1026 653 1082 omnis
672 1040 756 1093 mer,
776 1036 935 1095 postquem
950 1041 1018 1079 eum
1030 1023 1112 1095 judi.

65 1104 133 1204 cem
152 1133 182 1202 ιι
200 1137 358 1194 passurum
379 1123 535 1194 professus
553 1136 597 1175 es.
639 1118 724 1175 Unde
744 1119 768 1174 si
789 1129 818 1173 te
838 1117 979 1176 Christos
997 1111 1114 1175 dilexess

65 1217 124 1285 rit,
153 1227 243 1288 coget
268 1226 299 1272 te
323 1220 359 1273 nd
382 1216 611 1272 revocationem
629 1212 726 1284 hujus
753 1213 879 1282 scripti,
903 1229 973 1268 cum
997 1214 1027 1268 in
1054 1212 1113 1268 ists

65 1311 151 1387 Bulla
173 1311 320 1366 damnarit
340 1326 451 1378 omne,
479 1307 621 1382 quicquid
639 1309 676 1364 de
695 1306 903 1362 misericordia
924 1306 986 1361 Dei
1001 1305 1113 1362 hecte-

65 1421 122 1462 nus
141 1414 172 1458 et
189 1403 318 1460 docuisti
337 1414 368 1458 et
386 1402 518 1475 sapuisti.

70 1481 73 1484 ⁴
134 1497 233 1573 Quod
246 1512 316 1552 cum
339 1511 400 1553 non
421 1496 585 1566 ignorsrie,
612 1494 723 1550 videris
741 1493 815 1549 mihi
836 1510 896 1549 non
914 1492 979 1550 eine
997 1483 1112 1574 Christi

66 1591 234 1649 offensione
261 1604 330 1645 eum
359 1606 415 1660 pro
440 1591 543 1660 judice
566 1589 735 1651 advocare,
762 1603 853 1658 quern
891 1589 974 1643 vides
1006 1586 1111 1644 hostili

66 1687 171 1741 tunore
199 1682 312 1740 Christi
341 1682 544 1738 adversarium
568 1682 598 1738 in
631 1681 757 1739 verbum
788 1683 891 1751 grstiae
920 1680 1112 1739 debacchari.

66 1779 101 1837 Id
117 1778 195 1834 enim
213 1790 297 1833 tuum
309 1775 414 1832 fuisset
427 1791 578 1841 asserere,
599 1783 630 1830 et
645 1790 714 1830 eum
730 1776 820 1847 hujus
837 1774 996 1846 impietatis
1011 1775 1113 1831 reder-
1205 1778 1209 1786 ⁴

65 1888 168 1953 guerr.
202 1869 276 1928 Nun
297 1871 375 1925 enirn
393 1868 445 1925 hic
464 1877 584 1941 ternpus
605 1870 753 1938 timendi,
778 1871 831 1926 red
860 1868 1030 1936 clamandi,
1060 1867 1113 1926 ubi

65 1968 225 2024 Dominus
236 1973 342 2020 noster
359 1961 452 2020 Jecur
470 1961 610 2020 Christus
629 1964 812 2031 damnetur,
843 1965 965 2018 exuitur
985 1970 1015 2015 et
1033 1960 1114 2018 bine.

66 2061 235 2134 phemetur.
262 2056 349 2137 Unde
369 2065 514 2128 quantum
533 2066 568 2111 tu
584 2073 633 2111 me
654 2058 689 2112 ed
707 2056 908 2113 humilitatem
928 2054 1115 2134 exhorteris,

65 2164 183 2212 tantum
201 2167 257 2221 ego
276 2159 308 2204 te
326 2152 361 2205 ed
380 2149 551 2222 superbirm
571 2149 732 2225 exhortor.
756 2150 828 2209 Tibi
848 2151 931 2208 adest
949 2151 1039 2207 nimie
1056 2149 1115 2228 hu.

66 2248 175 2304 milites
185 2287 195 2315 ,
212 2247 292 2302 sicut
310 2243 384 2300 mihi
404 2244 494 2324 nimie
512 2243 662 2314 superbie.
1083 2314 1087 2321 ,

75 2415 78 2421 1
134 2340 247 2396 Verum
263 2338 341 2394 serio
360 2355 409 2395 res
428 2347 473 2394 est
485 2357 506 2394 ι1
520 2337 676 2396 Christum
695 2339 832 2409 videmus
856 2340 927 2415 pari.
971 2338 1063 2417 Quod
1087 2336 1115 2399 si

64 2439 211 2513 hactenus
228 2434 388 2488 tacendum
408 2441 439 2486 et
455 2432 673 2490 humiliandum
688 2433 765 2506 tuit,
783 2453 863 2490 nuno
883 2447 1000 2501 tumen,
1022 2452 1114 2506 quen.

66 2528 106 2582 do
128 2543 183 2598 per
206 2535 304 2580 totum
330 2524 435 2580 orbem
462 2525 525 2597 ipse
553 2530 686 2596 optimus
710 2528 859 2589 oriretur,
891 2528 941 2598 qui
965 2543 1032 2582 sese
1056 2542 1113 2597 pro

66 2616 154 2676 nobis
173 2619 277 2685 dedit,
304 2615 467 2674 ludibrium
481 2616 638 2687 jactetur:
669 2617 823 2687 obsecro,
851 2636 912 2673 non
929 2620 1114 2677 certabimus

65 2731 122 2786 pro
142 2715 200 2779 eoi
230 2726 291 2766 non
311 2709 490 2781 objiciemus
508 2711 660 2766 cervicem
671 2716 692 2767 i<
712 2710 760 2766 Mi
778 2710 888 2778 Pater,
906 2713 1046 2780 grandius
1067 2722 1116 2769 est

64 2806 252 2882 pericolum,
276 2819 363 2876 quum
384 2805 510 2861 credunt
528 2804 625 2860 multi.
667 2802 725 2858 Hic
744 2805 848 2876 incipit
870 2821 993 2859 currere
1014 2805 1116 2862 Even-

65 2901 191 2972 geiium:
209 2898 263 2972 qui
278 2914 325 2952 me
344 2894 500 2964 consinus
515 2897 614 2962 suerit
630 2911 736 2952 coram
751 2895 934 2967 hominihus,
952 2887 1116 2970 cofitebor

65 3001 93 3050 et
111 3010 166 3069 eqo
182 3008 249 3046 eum
267 3007 373 3046 corum
389 2991 490 3047 Patre
506 3004 589 3046 meo:
614 2993 666 3065 qui
681 3007 730 3046 me
747 2989 913 3062 erubuerit,
941 2990 1115 3050 erubescam

65 3096 94 3144 et
110 3101 166 3163 eqo
184 3103 260 3142 eunt.

133 3182 272 3236 Invenitur
293 3194 363 3235 stne
385 3180 554 3253 superbus,
572 3195 698 3248 rvrrue,
717 3181 852 3250 eduiter,
870 3180 1043 3250 homicide,
1062 3194 1115 3239 eu.
1192 3201 1196 3208 ·

64 3274 178 3348 tipeps,
208 3284 238 3329 et
257 3274 393 3328 omnium
418 3273 563 3330 vitiorum
587 3289 676 3332 reuse
702 3275 795 3329 modo
816 3274 897 3345 impii
922 3274 1030 3331 silentii
1051 3290 1114 3333 nort

65 3383 187 3436 arguar,
216 3370 287 3421 dum
313 3365 465 3422 Dominus
493 3367 604 3437 patitur
629 3374 659 3421 et
683 3368 774 3430 dicit:
798 3365 986 3445 periitflrqn
1005 3386 1026 3425 n
1048 3385 1114 3440 me,

65 3468 94 3516 et
109 3476 173 3515 non
191 3467 246 3526 est,
263 3461 316 3533 qni
332 3461 473 3534 requiror
490 3462 629 3516 animum
646 3476 765 3515 meam:
784 3469 813 3516 ιι
830 3461 1059 3519 considerabam
1072 3461 1118 3518 ad

62 3554 222 3621 dextram,
249 3559 278 3606 et
294 3570 355 3608 non
372 3561 456 3622 erut,
482 3556 535 3630 qui
552 3562 743 3629 coqnorceret
759 3572 817 3611 me.
861 3555 936 3623 (Ρι.
960 3545 1031 3624 142,
1055 3552 1112 3623 6.)
1155 3579 1158 3584 ·

63 3650 158 3721 Spero
179 3647 257 3701 enim
283 3663 317 3701 eo
338 3651 530 3706 confessione
549 3649 765 3706 absolvendum
787 3651 824 3706 eb
845 3650 984 3707 omnibus
1005 3665 1114 3720 pecca.

63 3744 103 3799 tis
121 3742 208 3821 meis.
243 3738 329 3794 Unde
348 3751 379 3798 et
396 3759 510 3799 cornua
532 3744 639 3812 erexi,
664 3745 694 3800 in
717 3742 780 3801 hoc
802 3728 915 3801 idolum
940 3741 1113 3800 Romanum

64 3847 95 3891 ιι
111 3849 217 3890 verum
237 3833 459 3892 Antichristurn
475 3854 545 3894 cum
565 3820 680 3900 fiducie.
715 3835 789 3898 Non
809 3845 855 3896 ιιι
869 3836 998 3896 verbum
1016 3835 1113 3909 pecie,

115 4038 143 4086 ·)
171 4032 228 4087 titt.
243 4033 264 4084 t.
278 4031 325 4082 tie.
340 4038 363 4084 ι.
380 4033 417 4084 tt
431 4033 490 4087 Seu.
