2574 4732
673 331 763 394 1521.

621 488 665 579 2⁷·
684 486 794 558 dits,-

626 631 687 707 N⁰.
708 628 803 701 CCC.

532 797 581 868 tto
622 796 659 868 ὅ
672 811 693 877 o
708 811 728 865 a
745 797 758 866 1
773 810 793 864 a
809 802 823 862 t
837 793 848 864 i
861 809 895 865 n.

295 958 456 1012 maritans
470 955 534 1003 tinet
550 954 638 1009 raram
653 950 791 1005 &nitidus
805 954 852 1002 unt
867 951 961 1004 attento
976 948 1151 1005 montetenso.

204 1121 257 1173 m
277 1115 456 1168 duriisber
472 1117 491 1162 1.
511 1116 559 1163 31³.
580 1114 782 1169 distendito
808 1125 831 1159 c
846 1112 862 1159 t.
880 1111 928 1159 11³.
954 1110 1058 1164 masidi
1074 1111 1119 1163 im
1137 1108 1241 1158 wald

603 1201 659 1249 xv.
686 1199 828 1254 snt-utu.

206 1340 252 1400 D.
274 1339 408 1417 Georqro
426 1335 612 1410 spalatino,
645 1336 724 1395 Viro
739 1337 792 1406 pio
808 1342 837 1391 et
853 1335 959 1404 docto,
974 1349 1032 1392 suo
1049 1333 1085 1390 in
1107 1330 1235 1389 Clu-isto

591 1429 782 1490 clarissim.
802 1425 839 1499 ⁸)

626 1573 788 1639 'destun

187 1682 339 1774 salntem.
382 1717 440 1775 Hic
456 1717 578 1787 juvenis
598 1716 735 1774 Michaei
757 1715 892 1770 (irenaeo
919 1713 1006 1769 bonae
1031 1682 1174 1776 indolis,
1204 1714 1247 1768 mi

187 1811 353 1884 spalatinc,
379 1823 410 1866 et
427 1821 477 1867 tua
498 1822 530 1868 et
549 1820 616 1866 mea
636 1827 730 1884 opera
748 1811 792 1865 uti
811 1811 907 1867 votuit
928 1809 964 1864 ad
988 1807 1171 1878 Principem
1190 1823 1245 1861 no·

186 1914 285 1962 strum
308 1906 595 1975 clementissimum,
619 1922 675 1977 pro
692 1905 864 1962 sacerdotio
886 1904 1016 1976 quodam
1040 1901 1244 1974 postulando:

186 1999 256 2065 cui,
275 2007 309 2054 ut
326 2015 388 2055 non
406 1999 514 2068 dobui,
533 2001 573 2056 ita
593 2016 650 2056 nec
666 1999 749 2056 volni
766 1998 895 2055 officium
911 1997 1073 2066 denegare.
1100 1995 1158 2052 To
1171 2011 1244 2065 ergo

179 2093 308 2149 curabis
320 2091 419 2162 belle,
444 2103 479 2148 ut
499 2103 554 2149 tuo
575 2104 606 2150 et
620 2111 690 2150 meo
713 2092 848 2166 (siquid
866 2078 955 2162 sum)
973 2089 1099 2146 nomine
1119 2104 1246 2163 promo·

185 2195 305 2241 ventur.
340 2185 391 2241 Tu
410 2188 490 2242 enim
508 2187 539 2242 in
559 2187 623 2243 aula
641 2203 708 2244 esse
726 2197 757 2243 et
774 2187 874 2244 valere
891 2185 1001 2240 merito
1019 2184 1174 2241 crederis.

256 2277 407 2333 ceterum
425 2281 503 2348 apud
520 2296 577 2338 nos
596 2280 676 2335 nutis
691 2298 789 2350 nova,
813 2280 869 2337 nisi
887 2279 969 2352 quod
987 2279 1086 2336 indies
1101 2277 1193 2335 Bulla
1209 2277 1245 2333 tit

184 2370 392 2427 contemtion·
418 2369 500 2426 Nam
522 2372 632 2444 Lipsiae
659 2375 729 2444 quid
751 2373 778 2428 ei
808 2374 973 2437 acciderit,
1006 2373 1118 2443 scripsi
1139 2380 1242 2426 antea.

181 2465 304 2524 Dicitur
328 2473 360 2520 et
382 2463 497 2533 Torgas,
516 2466 608 2522 tuisse
630 2465 732 2528 affixa,
756 2466 810 2523 sed
827 2467 923 2533 ciam,
950 2475 981 2522 et
1000 2482 1078 2521 mox
1096 2466 1242 2522 lacerata.

180 2561 217 2618 In
230 2560 354 2618 Doebiin
368 2559 454 2614 affixa
467 2575 542 2637 mox
558 2570 785 2617 constercorata
803 2571 834 2617 et
848 2560 978 2617 lacerata
993 2571 1057 2616 est:
1077 2562 1240 2635 adscriptis

179 2656 229 2713 his
249 2655 368 2711 verbis:
387 2653 453 2716 iias
472 2653 535 2721 net
552 2653 583 2720 tt
601 2655 644 2725 iic
655 2687 666 2724 r
684 2654 727 2716 bie
744 2655 837 2728 Quasi
856 2653 911 2722 int
932 2652 1124 2728 citationes.

242 2751 325 2807 ‚Dux
341 2749 642 2806 saxonie—chricus
656 2751 806 2820 Fribergae
822 2768 887 2807 eam
904 2767 973 2805 cum
990 2750 1052 2806 suis
1067 2753 1242 2807 detestatur

180 2846 319 2902 sortiter:
347 2844 414 2899 dedi
432 2844 467 2899 ad
486 2860 555 2898 eum
572 2845 694 2910 literas,
719 2846 764 2900 sic
779 2845 859 2900 enim
877 2845 1049 2899 desiderare
1069 2845 1151 2903 mihi
1174 2847 1241 2903 inde

180 2938 385 2998 scribebatur.
403 2934 472 2991 Rex
489 2936 594 3010 Dacia
611 2939 700 2994 etiam
717 2941 906 3010 persequitur
923 2937 1077 3009 Papistas,
1096 2942 1241 2997 mandato

179 3037 250 3091 dato
271 3033 466 3089 Universitati
485 3047 562 3095 suae,
584 3049 621 3086 ne
640 3050 706 3088 mea
724 3033 906 3088 damnarent.
941 3033 986 3088 lta
1000 3032 1128 3103 retulit,
1149 3052 1242 3106 quem

177 3127 248 3181 illuc
262 3127 418 3195 dedimus,
443 3123 678 3196 D·.Martinus,
702 3145 842 3185 reversus
858 3137 892 3183 ut
910 3136 1172 3199 promoveretur,
1192 3147 1241 3186 re.

176 3220 294 3274 diturus
312 3220 394 3277 illuc.

243 3313 362 3368 Miseri
388 3314 467 3371 libro
496 3315 568 3387 quid
591 3312 791 3386 Magdcburgi
816 3317 982 3385 acciderit,
1007 3316 1119 3389 scripsi
1139 3330 1242 3381 antea.

174 3405 266 3463 Venit
283 3408 404 3462 tandem
424 3426 441 3462 c
458 3409 664 3480 Norirnberga
681 3411 862 3468 Ambrosius
881 3410 1061 3467 Catharinus
1073 3409 1127 3479 ⁸¹),
1157 3415 1241 3485 proh

174 3502 298 3567 Dcum,
319 3506 408 3572 quam
424 3503 553 3559 insulsus
568 3514 599 3560 et
611 3505 738 3562 stolidus
753 3504 931 3561 Thomistai
950 3513 984 3560 ut
998 3519 1055 3560 nos
1071 3506 1241 3578 aliquando

174 3597 255 3664 risu,
280 3593 489 3666 aliquandob)
515 3598 603 3653 taedio
632 3616 715 3668 paene
741 3611 859 3656 enecet.
899 3599 1038 3658 Breviter
1056 3600 1084 3658 ei
1104 3617 1242 3677 respon·

175 3690 272 3754 dabo,
295 3700 325 3745 et
341 3689 451 3744 Italica
468 3686 573 3743 bestiae
591 3690 683 3747 bilem
701 3693 845 3752 movebo.

146 3822 150 3827 .
175 3814 703 3851 --r----·-·—

226 3896 254 3942 a)
284 3887 347 3939 sud
369 3889 440 3936 Cod.
462 3888 529 3943 Jen.

225 3968 257 4017 b)
284 3968 343 4014 Risu
357 3968 489 4026 aliquando
505 3967 563 4022 {tiit
584 3967 624 4026 itu
642 3969 746 4020 durii.

179 4041 377 4059 ῳ...-

191 4064 195 4073 '
224 4080 254 4128 ⁸)
283 4077 341 4133 ost.
358 4081 404 4131 uo.
422 4081 552 4133 cccvm.
