<?xml version="1.0" encoding="UTF-8"?>
<!DOCTYPE html PUBLIC "-//W3C//DTD XHTML 1.0 Transitional//EN"
    "http://www.w3.org/TR/xhtml1/DTD/xhtml1-transitional.dtd">
<html xmlns="http://www.w3.org/1999/xhtml" xml:lang="en" lang="en">
 <head>
  <title>
</title>
<meta http-equiv="Content-Type" content="text/html;charset=utf-8" />
  <meta name='ocr-system' content='tesseract 3.04.00' />
  <meta name='ocr-capabilities' content='ocr_page ocr_carea ocr_par ocr_line ocrx_word'/>
</head>
<body>
  <div class='ocr_page' id='page_1' title='image "./briefesendschre04luthgoog/briefesendschre04luthgoog_0591.png"; bbox 0 0 2564 5056; ppageno 0'>
   <div class='ocr_carea' id='block_1_1' title="bbox 106 297 677 394">
    <p class='ocr_par' dir='ltr' id='par_1_1' title="bbox 106 297 677 394">
     <span class='ocr_line' id='line_1_1' title="bbox 106 297 677 394; baseline 0 -31"><span class='ocrx_word' id='word_1_1' title='bbox 106 315 167 383; x_wconf 66' lang='lat'>552</span> <span class='ocrx_word' id='word_1_2' title='bbox 228 316 231 327; x_wconf 90' lang='lat'>·</span> <span class='ocrx_word' id='word_1_3' title='bbox 533 391 534 394; x_wconf 8' lang='grc' dir='ltr'><strong>Ἴ</strong></span> <span class='ocrx_word' id='word_1_4' title='bbox 586 297 677 365; x_wconf 77' lang='lat' dir='ltr'>esst.</span> 
     </span>
    </p>
   </div>
   <div class='ocr_carea' id='block_1_2' title="bbox 103 453 1182 3804">
    <p class='ocr_par' dir='ltr' id='par_1_2' title="bbox 106 453 1169 1276">
     <span class='ocr_line' id='line_1_2' title="bbox 106 453 1169 530; baseline -0.006 -9"><span class='ocrx_word' id='word_1_5' title='bbox 106 463 192 521; x_wconf 90' lang='lat' dir='ltr'>nihili</span> <span class='ocrx_word' id='word_1_6' title='bbox 206 468 237 516; x_wconf 87' lang='lat' dir='ltr'>et</span> <span class='ocrx_word' id='word_1_7' title='bbox 250 459 367 528; x_wconf 90' lang='lat' dir='ltr'>indigna</span> <span class='ocrx_word' id='word_1_8' title='bbox 382 473 530 530; x_wconf 81' lang='lat' dir='ltr'>persona,</span> <span class='ocrx_word' id='word_1_9' title='bbox 548 457 712 528; x_wconf 86' lang='lat' dir='ltr'>quidquam</span> <span class='ocrx_word' id='word_1_10' title='bbox 728 455 843 510; x_wconf 85' lang='lat' dir='ltr'>iactum</span> <span class='ocrx_word' id='word_1_11' title='bbox 860 463 959 526; x_wconf 85' lang='lat' dir='ltr'>esset,</span> <span class='ocrx_word' id='word_1_12' title='bbox 984 462 1041 512; x_wconf 92' lang='lat' dir='ltr'>aut</span> <span class='ocrx_word' id='word_1_13' title='bbox 1057 453 1090 513; x_wconf 86' lang='lat' dir='ltr'>iu</span> <span class='ocrx_word' id='word_1_14' title='bbox 1112 475 1169 530; x_wconf 89' lang='lat' dir='ltr'>po.</span> 
     </span>
     <span class='ocr_line' id='line_1_3' title="bbox 108 548 1166 623; baseline -0.004 -11"><span class='ocrx_word' id='word_1_15' title='bbox 108 566 222 616; x_wconf 78' lang='lat' dir='ltr'>aterum</span> <span class='ocrx_word' id='word_1_16' title='bbox 245 567 373 623; x_wconf 85' lang='lat' dir='ltr'>cogeret</span> <span class='ocrx_word' id='word_1_17' title='bbox 388 553 436 607; x_wconf 86' lang='lat' dir='ltr'>vel</span> <span class='ocrx_word' id='word_1_18' title='bbox 456 550 627 622; x_wconf 86' lang='lat' dir='ltr'>impellerer</span> <span class='ocrx_word' id='word_1_19' title='bbox 641 550 759 612; x_wconf 82' lang='lat' dir='ltr'>iacere,</span> <span class='ocrx_word' id='word_1_20' title='bbox 779 563 828 603; x_wconf 90' lang='lat' dir='ltr'>me</span> <span class='ocrx_word' id='word_1_21' title='bbox 842 560 972 621; x_wconf 85' lang='lat' dir='ltr'>propter</span> <span class='ocrx_word' id='word_1_22' title='bbox 983 548 1166 621; x_wconf 85' lang='lat' dir='ltr'>hujusmodi</span> 
     </span>
     <span class='ocr_line' id='line_1_4' title="bbox 108 644 1168 715; baseline -0.006 -9"><span class='ocrx_word' id='word_1_23' title='bbox 108 647 309 706; x_wconf 84' lang='lat' dir='ltr'>necessariam</span> <span class='ocrx_word' id='word_1_24' title='bbox 325 646 532 702; x_wconf 72' lang='lat' dir='ltr'>defensionem</span> <span class='ocrx_word' id='word_1_25' title='bbox 548 644 712 700; x_wconf 84' lang='lat' dir='ltr'>clementer</span> <span class='ocrx_word' id='word_1_26' title='bbox 731 653 928 705; x_wconf 64' lang='lat' dir='ltr'>mouentum,</span> <span class='ocrx_word' id='word_1_27' title='bbox 950 652 982 699; x_wconf 92' lang='lat' dir='ltr'>et</span> <span class='ocrx_word' id='word_1_28' title='bbox 1003 645 1036 699; x_wconf 92' lang='lat' dir='ltr'>in</span> <span class='ocrx_word' id='word_1_29' title='bbox 1053 648 1168 715; x_wconf 89' lang='lat' dir='ltr'>gratio.</span> 
     </span>
     <span class='ocr_line' id='line_1_5' title="bbox 109 735 1167 798; baseline -0.002 0"><span class='ocrx_word' id='word_1_30' title='bbox 109 759 143 798; x_wconf 89' lang='lat' dir='ltr'>sa</span> <span class='ocrx_word' id='word_1_31' title='bbox 166 741 341 795; x_wconf 85' lang='lat' dir='ltr'>defensione</span> <span class='ocrx_word' id='word_1_32' title='bbox 365 746 394 793; x_wconf 87' lang='lat' dir='ltr'>et</span> <span class='ocrx_word' id='word_1_33' title='bbox 421 738 634 795; x_wconf 87' lang='lat' dir='ltr'>commissione</span> <span class='ocrx_word' id='word_1_34' title='bbox 653 736 690 790; x_wconf 89' lang='lat' dir='ltr'>ad</span> <span class='ocrx_word' id='word_1_35' title='bbox 713 735 932 795; x_wconf 79' lang='lat' dir='ltr'>defendendum</span> <span class='ocrx_word' id='word_1_36' title='bbox 950 737 1085 794; x_wconf 81' lang='lat' dir='ltr'>verbum</span> <span class='ocrx_word' id='word_1_37' title='bbox 1105 739 1167 796; x_wconf 87' lang='lat' dir='ltr'>Dei</span> 
     </span>
     <span class='ocr_line' id='line_1_6' title="bbox 109 828 1166 903; baseline 0 -12"><span class='ocrx_word' id='word_1_38' title='bbox 109 835 235 891; x_wconf 80' lang='lat' dir='ltr'>babeat:</span> <span class='ocrx_word' id='word_1_39' title='bbox 259 843 289 888; x_wconf 88' lang='lat' dir='ltr'>st</span> <span class='ocrx_word' id='word_1_40' title='bbox 302 844 434 902; x_wconf 81' lang='lat' dir='ltr'>uter-que</span> <span class='ocrx_word' id='word_1_41' title='bbox 452 832 510 886; x_wconf 85' lang='lat' dir='ltr'>mei</span> <span class='ocrx_word' id='word_1_42' title='bbox 531 829 737 901; x_wconf 69' lang='lat' dir='ltr'>gratiosissimi</span> <span class='ocrx_word' id='word_1_43' title='bbox 756 828 882 884; x_wconf 86' lang='lat' dir='ltr'>Domini</span> <span class='ocrx_word' id='word_1_44' title='bbox 900 831 985 891; x_wconf 69' lang='lat' dir='ltr'>sitis,</span> <span class='ocrx_word' id='word_1_45' title='bbox 1011 833 1092 888; x_wconf 85' lang='lat' dir='ltr'>sicat</span> <span class='ocrx_word' id='word_1_46' title='bbox 1109 851 1166 903; x_wconf 84' lang='lat' dir='ltr'>ego</span> 
     </span>
     <span class='ocr_line' id='line_1_7' title="bbox 111 922 1168 995; baseline -0.002 -10"><span class='ocrx_word' id='word_1_47' title='bbox 111 930 148 985; x_wconf 88' lang='lat' dir='ltr'>de</span> <span class='ocrx_word' id='word_1_48' title='bbox 172 928 291 995; x_wconf 82' lang='lat' dir='ltr'>praefata</span> <span class='ocrx_word' id='word_1_49' title='bbox 313 927 503 981; x_wconf 87' lang='lat' dir='ltr'>serenissima</span> <span class='ocrx_word' id='word_1_50' title='bbox 514 925 557 980; x_wconf 86' lang='lat' dir='ltr'>-S.</span> <span class='ocrx_word' id='word_1_51' title='bbox 584 924 717 977; x_wconf 69' lang='lat' dir='ltr'>Cesarea</span> <span class='ocrx_word' id='word_1_52' title='bbox 738 922 902 992; x_wconf 80' lang='lat' dir='ltr'>MaJestate</span> <span class='ocrx_word' id='word_1_53' title='bbox 919 933 952 978; x_wconf 91' lang='lat' dir='ltr'>et</span> <span class='ocrx_word' id='word_1_54' title='bbox 971 935 1078 982; x_wconf 81' lang='lat' dir='ltr'>vestra</span> <span class='ocrx_word' id='word_1_55' title='bbox 1096 926 1168 983; x_wconf 83' lang='lat' dir='ltr'>Ele.</span> 
     </span>
     <span class='ocr_line' id='line_1_8' title="bbox 111 1017 1168 1092; baseline 0.003 -18"><span class='ocrx_word' id='word_1_56' title='bbox 111 1020 219 1091; x_wconf 86' lang='lat' dir='ltr'>ctorali</span> <span class='ocrx_word' id='word_1_57' title='bbox 239 1020 343 1074; x_wconf 85' lang='lat' dir='ltr'>Gratia</span> <span class='ocrx_word' id='word_1_58' title='bbox 364 1018 438 1072; x_wconf 87' lang='lat' dir='ltr'>mihi</span> <span class='ocrx_word' id='word_1_59' title='bbox 461 1030 491 1073; x_wconf 91' lang='lat' dir='ltr'>et</span> <span class='ocrx_word' id='word_1_60' title='bbox 508 1020 587 1073; x_wconf 86' lang='lat' dir='ltr'>hanc</span> <span class='ocrx_word' id='word_1_61' title='bbox 605 1030 638 1070; x_wconf 90' lang='lat' dir='ltr'>et</span> <span class='ocrx_word' id='word_1_62' title='bbox 654 1031 761 1070; x_wconf 86' lang='lat' dir='ltr'>omnes</span> <span class='ocrx_word' id='word_1_63' title='bbox 777 1017 851 1083; x_wconf 63' lang='lat' dir='ltr'>¹alias</span> <span class='ocrx_word' id='word_1_64' title='bbox 865 1017 1055 1074; x_wconf 82' lang='lat' dir='ltr'>&#39;christianas</span> <span class='ocrx_word' id='word_1_65' title='bbox 1072 1021 1168 1092; x_wconf 72' lang='lat' dir='ltr'>impe·</span> 
     </span>
     <span class='ocr_line' id='line_1_9' title="bbox 112 1111 1168 1183; baseline 0.004 -16"><span class='ocrx_word' id='word_1_66' title='bbox 112 1115 201 1168; x_wconf 85' lang='lat' dir='ltr'>riales</span> <span class='ocrx_word' id='word_1_67' title='bbox 227 1127 257 1166; x_wconf 89' lang='lat' dir='ltr'>et</span> <span class='ocrx_word' id='word_1_68' title='bbox 281 1113 460 1183; x_wconf 77' lang='lat' dir='ltr'>principales</span> <span class='ocrx_word' id='word_1_69' title='bbox 477 1112 605 1167; x_wconf 86' lang='lat' dir='ltr'>virtutes</span> <span class='ocrx_word' id='word_1_70' title='bbox 624 1121 654 1164; x_wconf 91' lang='lat' dir='ltr'>et</span> <span class='ocrx_word' id='word_1_71' title='bbox 673 1112 801 1179; x_wconf 84' lang='lat' dir='ltr'>gratias,</span> <span class='ocrx_word' id='word_1_72' title='bbox 819 1125 854 1166; x_wconf 90' lang='lat' dir='ltr'>nt</span> <span class='ocrx_word' id='word_1_73' title='bbox 871 1113 909 1166; x_wconf 90' lang='lat' dir='ltr'>de</span> <span class='ocrx_word' id='word_1_74' title='bbox 925 1111 1074 1170; x_wconf 83' lang='lat' dir='ltr'>Dominis</span> <span class='ocrx_word' id='word_1_75' title='bbox 1090 1116 1168 1172; x_wconf 86' lang='lat' dir='ltr'>meis</span> 
     </span>
     <span class='ocr_line' id='line_1_10' title="bbox 113 1206 933 1276; baseline 0 -17"><span class='ocrx_word' id='word_1_76' title='bbox 113 1207 338 1276; x_wconf 74' lang='lat' dir='ltr'>gratiosissimis</span> <span class='ocrx_word' id='word_1_77' title='bbox 357 1206 544 1260; x_wconf 73' lang='lat' dir='ltr'>confidenter</span> <span class='ocrx_word' id='word_1_78' title='bbox 562 1206 708 1275; x_wconf 83' lang='lat' dir='ltr'>polliceor</span> <span class='ocrx_word' id='word_1_79' title='bbox 727 1218 756 1258; x_wconf 86' lang='lat' dir='ltr'>et</span> <span class='ocrx_word' id='word_1_80' title='bbox 776 1206 933 1276; x_wconf 83' lang='lat' dir='ltr'>promitto.</span> 
     </span>
    </p>

    <p class='ocr_par' dir='ltr' id='par_1_3' title="bbox 103 1286 1182 2964">
     <span class='ocr_line' id='line_1_11' title="bbox 183 1286 1167 1370; baseline 0.006 -19"><span class='ocrx_word' id='word_1_81' title='bbox 183 1298 331 1353; x_wconf 73' lang='lat' dir='ltr'>Craterum</span> <span class='ocrx_word' id='word_1_82' title='bbox 350 1302 433 1370; x_wconf 76' lang='lat' dir='ltr'>quod</span> <span class='ocrx_word' id='word_1_83' title='bbox 451 1304 484 1352; x_wconf 86' lang='lat' dir='ltr'>ad</span> <span class='ocrx_word' id='word_1_84' title='bbox 505 1316 554 1353; x_wconf 89' lang='lat' dir='ltr'>me</span> <span class='ocrx_word' id='word_1_85' title='bbox 570 1303 692 1365; x_wconf 82' lang='lat' dir='ltr'>attinet,</span> <span class='ocrx_word' id='word_1_86' title='bbox 712 1299 915 1368; x_wconf 87' lang='lat' dir='ltr'>paratissimus</span> <span class='ocrx_word' id='word_1_87' title='bbox 927 1286 997 1354; x_wconf 75' lang='lat' dir='ltr'>sum</span> <span class='ocrx_word' id='word_1_88' title='bbox 1009 1299 1043 1354; x_wconf 88' lang='lat' dir='ltr'>in</span> <span class='ocrx_word' id='word_1_89' title='bbox 1058 1299 1167 1358; x_wconf 85' lang='lat' dir='ltr'>humili</span> 
     </span>
     <span class='ocr_line' id='line_1_12' title="bbox 112 1391 1165 1460; baseline 0.002 -12"><span class='ocrx_word' id='word_1_90' title='bbox 112 1391 285 1448; x_wconf 85' lang='lat' dir='ltr'>obedientia</span> <span class='ocrx_word' id='word_1_91' title='bbox 295 1433 304 1460; x_wconf 87' lang='lat'>‚</span> <span class='ocrx_word' id='word_1_92' title='bbox 322 1394 348 1446; x_wconf 91' lang='lat' dir='ltr'>si</span> <span class='ocrx_word' id='word_1_93' title='bbox 365 1392 513 1448; x_wconf 82' lang='lat' dir='ltr'>sufficiens</span> <span class='ocrx_word' id='word_1_94' title='bbox 533 1408 774 1448; x_wconf 79' lang='lat' dir='ltr'>securemeutum</span> <span class='ocrx_word' id='word_1_95' title='bbox 791 1406 821 1446; x_wconf 89' lang='lat' dir='ltr'>et</span> <span class='ocrx_word' id='word_1_96' title='bbox 833 1391 961 1447; x_wconf 86' lang='lat' dir='ltr'>liberum</span> <span class='ocrx_word' id='word_1_97' title='bbox 976 1394 1165 1450; x_wconf 84' lang='lat' dir='ltr'>conductum</span> 
     </span>
     <span class='ocr_line' id='line_1_13' title="bbox 112 1486 1164 1556; baseline 0.004 -17"><span class='ocrx_word' id='word_1_98' title='bbox 112 1486 197 1540; x_wconf 86' lang='lat' dir='ltr'>ultro</span> <span class='ocrx_word' id='word_1_99' title='bbox 212 1487 351 1556; x_wconf 87' lang='lat' dir='ltr'>citroque</span> <span class='ocrx_word' id='word_1_100' title='bbox 370 1487 479 1540; x_wconf 85' lang='lat' dir='ltr'>iterum</span> <span class='ocrx_word' id='word_1_101' title='bbox 502 1491 538 1540; x_wconf 88' lang='lat' dir='ltr'>ad</span> <span class='ocrx_word' id='word_1_102' title='bbox 560 1505 655 1541; x_wconf 87' lang='lat' dir='ltr'>meam</span> <span class='ocrx_word' id='word_1_103' title='bbox 676 1489 870 1542; x_wconf 83' lang='lat' dir='ltr'>securitatem</span> <span class='ocrx_word' id='word_1_104' title='bbox 888 1487 1052 1543; x_wconf 83' lang='lat' dir='ltr'>adsecutus</span> <span class='ocrx_word' id='word_1_105' title='bbox 1066 1489 1164 1550; x_wconf 74' lang='lat' dir='ltr'>luero,</span> 
     </span>
     <span class='ocr_line' id='line_1_14' title="bbox 116 1579 1166 1648; baseline 0.005 -16"><span class='ocrx_word' id='word_1_106' title='bbox 116 1581 152 1633; x_wconf 89' lang='lat' dir='ltr'>ad</span> <span class='ocrx_word' id='word_1_107' title='bbox 174 1581 315 1648; x_wconf 85' lang='lat' dir='ltr'>proxime</span> <span class='ocrx_word' id='word_1_108' title='bbox 338 1581 472 1634; x_wconf 85' lang='lat' dir='ltr'>futurum</span> <span class='ocrx_word' id='word_1_109' title='bbox 495 1595 677 1636; x_wconf 82' lang='lat' dir='ltr'>conventum</span> <span class='ocrx_word' id='word_1_110' title='bbox 704 1581 887 1647; x_wconf 71' lang='lat' dir='ltr'>imperialem</span> <span class='ocrx_word' id='word_1_111' title='bbox 905 1579 1087 1636; x_wconf 85' lang='lat' dir='ltr'>Wormatiae</span> <span class='ocrx_word' id='word_1_112' title='bbox 1112 1582 1166 1637; x_wconf 84' lang='lat' dir='ltr'>ba.</span> 
     </span>
     <span class='ocr_line' id='line_1_15' title="bbox 103 1671 1165 1746; baseline 0.008 -22"><span class='ocrx_word' id='word_1_113' title='bbox 103 1671 269 1743; x_wconf 75' lang='lat' dir='ltr'>bendum,</span> <span class='ocrx_word' id='word_1_114' title='bbox 301 1690 403 1728; x_wconf 86' lang='lat' dir='ltr'>eoram</span> <span class='ocrx_word' id='word_1_115' title='bbox 432 1692 541 1744; x_wconf 77' lang='lat' dir='ltr'>aequis,</span> <span class='ocrx_word' id='word_1_116' title='bbox 572 1676 693 1740; x_wconf 88' lang='lat' dir='ltr'>doctis,</span> <span class='ocrx_word' id='word_1_117' title='bbox 718 1674 846 1745; x_wconf 82' lang='lat' dir='ltr'>probis,</span> <span class='ocrx_word' id='word_1_118' title='bbox 872 1683 901 1727; x_wconf 88' lang='lat' dir='ltr'>et</span> <span class='ocrx_word' id='word_1_119' title='bbox 925 1689 988 1728; x_wconf 92' lang='lat' dir='ltr'>non</span> <span class='ocrx_word' id='word_1_120' title='bbox 1016 1677 1165 1746; x_wconf 77' lang='lat' dir='ltr'>suspectis</span> 
     </span>
     <span class='ocr_line' id='line_1_16' title="bbox 113 1765 1163 1847; baseline 0.005 -28"><span class='ocrx_word' id='word_1_121' title='bbox 113 1766 267 1836; x_wconf 77' lang='lat' dir='ltr'>judicibus</span> <span class='ocrx_word' id='word_1_122' title='bbox 280 1783 458 1838; x_wconf 83' lang='lat' dir='ltr'>comparere</span> <span class='ocrx_word' id='word_1_123' title='bbox 467 1809 478 1837; x_wconf 61' lang='lat'>„</span> <span class='ocrx_word' id='word_1_124' title='bbox 501 1782 532 1823; x_wconf 89' lang='lat' dir='ltr'>et</span> <span class='ocrx_word' id='word_1_125' title='bbox 551 1768 786 1847; x_wconf 41' lang='lat' dir='ltr'>cum&#39;atljutorio</span> <span class='ocrx_word' id='word_1_126' title='bbox 806 1765 866 1821; x_wconf 92' lang='lat' dir='ltr'>Dei</span> <span class='ocrx_word' id='word_1_127' title='bbox 882 1767 1095 1838; x_wconf 80' lang='lat' dir='ltr'>omnipotentie</span> <span class='ocrx_word' id='word_1_128' title='bbox 1114 1784 1163 1824; x_wconf 86' lang='lat' dir='ltr'>me</span> 
     </span>
     <span class='ocr_line' id='line_1_17' title="bbox 115 1857 1166 1932; baseline 0.002 -18"><span class='ocrx_word' id='word_1_129' title='bbox 115 1857 159 1914; x_wconf 87' lang='lat' dir='ltr'>ita</span> <span class='ocrx_word' id='word_1_130' title='bbox 180 1860 326 1915; x_wconf 87' lang='lat' dir='ltr'>exhibere</span> <span class='ocrx_word' id='word_1_131' title='bbox 348 1875 377 1916; x_wconf 87' lang='lat' dir='ltr'>et</span> <span class='ocrx_word' id='word_1_132' title='bbox 398 1878 565 1925; x_wconf 80' lang='lat' dir='ltr'>excusare,</span> <span class='ocrx_word' id='word_1_133' title='bbox 582 1874 617 1917; x_wconf 90' lang='lat' dir='ltr'>ut</span> <span class='ocrx_word' id='word_1_134' title='bbox 637 1877 742 1918; x_wconf 90' lang='lat' dir='ltr'>omnes</span> <span class='ocrx_word' id='word_1_135' title='bbox 758 1862 788 1915; x_wconf 90' lang='lat' dir='ltr'>in</span> <span class='ocrx_word' id='word_1_136' title='bbox 807 1861 935 1916; x_wconf 83' lang='lat' dir='ltr'>veritate</span> <span class='ocrx_word' id='word_1_137' title='bbox 952 1862 1166 1932; x_wconf 77' lang='lat' dir='ltr'>experiantur,</span> 
     </span>
     <span class='ocr_line' id='line_1_18' title="bbox 115 1952 1167 2033; baseline 0.003 -24"><span class='ocrx_word' id='word_1_138' title='bbox 115 1966 167 2009; x_wconf 85' lang='lat' dir='ltr'>me</span> <span class='ocrx_word' id='word_1_139' title='bbox 188 1952 333 2011; x_wconf 88' lang='lat' dir='ltr'>hactenus</span> <span class='ocrx_word' id='word_1_140' title='bbox 353 1955 428 2012; x_wconf 90' lang='lat' dir='ltr'>nihil</span> <span class='ocrx_word' id='word_1_141' title='bbox 450 1972 489 2012; x_wconf 88' lang='lat' dir='ltr'>ex</span> <span class='ocrx_word' id='word_1_142' title='bbox 511 1957 691 2033; x_wconf 79' lang='lat' dir='ltr'>temeraria.</span> <span class='ocrx_word' id='word_1_143' title='bbox 723 1952 915 2010; x_wconf 72' lang='lat' dir='ltr'>indeliberata</span> <span class='ocrx_word' id='word_1_144' title='bbox 942 1963 982 2023; x_wconf 18' lang='lat' dir='ltr'>at.</span> <span class='ocrx_word' id='word_1_145' title='bbox 997 1955 1167 2013; x_wconf 83' lang='lat' dir='ltr'>inordinata</span> 
     </span>
     <span class='ocr_line' id='line_1_19' title="bbox 117 2046 1166 2123; baseline 0.006 -22"><span class='ocrx_word' id='word_1_146' title='bbox 117 2046 290 2115; x_wconf 74' lang='lat' dir='ltr'>uoluntate,</span> <span class='ocrx_word' id='word_1_147' title='bbox 317 2059 367 2103; x_wconf 91' lang='lat' dir='ltr'>aut</span> <span class='ocrx_word' id='word_1_148' title='bbox 390 2061 515 2123; x_wconf 85' lang='lat' dir='ltr'>propter</span> <span class='ocrx_word' id='word_1_149' title='bbox 539 2052 737 2120; x_wconf 72' lang='lat' dir='ltr'>temporalem</span> <span class='ocrx_word' id='word_1_150' title='bbox 761 2059 792 2103; x_wconf 92' lang='lat' dir='ltr'>et</span> <span class='ocrx_word' id='word_1_151' title='bbox 812 2048 985 2104; x_wconf 73' lang='lat' dir='ltr'>secularem</span> <span class='ocrx_word' id='word_1_152' title='bbox 1010 2046 1166 2106; x_wconf 85' lang='lat' dir='ltr'>bonorem</span> 
     </span>
     <span class='ocr_line' id='line_1_20' title="bbox 119 2140 1168 2215; baseline 0.008 -22"><span class='ocrx_word' id='word_1_153' title='bbox 119 2152 151 2194; x_wconf 91' lang='lat' dir='ltr'>et</span> <span class='ocrx_word' id='word_1_154' title='bbox 178 2141 364 2209; x_wconf 79' lang='lat' dir='ltr'>utilitatem,</span> <span class='ocrx_word' id='word_1_155' title='bbox 392 2145 471 2210; x_wconf 86' lang='lat' dir='ltr'>sed,</span> <span class='ocrx_word' id='word_1_156' title='bbox 498 2143 640 2215; x_wconf 87' lang='lat' dir='ltr'>quicquid</span> <span class='ocrx_word' id='word_1_157' title='bbox 667 2143 773 2215; x_wconf 86' lang='lat' dir='ltr'>scripsi</span> <span class='ocrx_word' id='word_1_158' title='bbox 800 2153 830 2197; x_wconf 95' lang='lat' dir='ltr'>et</span> <span class='ocrx_word' id='word_1_159' title='bbox 851 2140 966 2210; x_wconf 68' lang='lat' dir='ltr'>docui,</span> <span class='ocrx_word' id='word_1_160' title='bbox 998 2144 1168 2201; x_wconf 64' lang='lat' dir='ltr'>anundum</span> 
     </span>
     <span class='ocr_line' id='line_1_21' title="bbox 119 2236 1182 2307; baseline 0.008 -18"><span class='ocrx_word' id='word_1_161' title='bbox 119 2248 218 2289; x_wconf 82' lang='lat' dir='ltr'>meam</span> <span class='ocrx_word' id='word_1_162' title='bbox 240 2237 473 2305; x_wconf 84' lang='lat' dir='ltr'>conscientiam,</span> <span class='ocrx_word' id='word_1_163' title='bbox 495 2240 702 2307; x_wconf 87' lang='lat' dir='ltr'>juramentum</span> <span class='ocrx_word' id='word_1_164' title='bbox 727 2246 758 2292; x_wconf 89' lang='lat' dir='ltr'>et</span> <span class='ocrx_word' id='word_1_165' title='bbox 778 2236 1009 2305; x_wconf 78' lang='lat' dir='ltr'>obligationem,</span> <span class='ocrx_word' id='word_1_166' title='bbox 1038 2246 1072 2292; x_wconf 86' lang='lat' dir='ltr'>ut</span> <span class='ocrx_word' id='word_1_167' title='bbox 1094 2238 1182 2298; x_wconf 81' lang='lat' dir='ltr'>indi..</span> 
     </span>
     <span class='ocr_line' id='line_1_22' title="bbox 119 2330 1169 2401; baseline 0.01 -23"><span class='ocrx_word' id='word_1_168' title='bbox 119 2341 210 2394; x_wconf 89' lang='lat' dir='ltr'>gnum</span> <span class='ocrx_word' id='word_1_169' title='bbox 234 2330 395 2381; x_wconf 80' lang='lat' dir='ltr'>doctoratu</span> <span class='ocrx_word' id='word_1_170' title='bbox 419 2343 529 2384; x_wconf 86' lang='lat' dir='ltr'>sauctae</span> <span class='ocrx_word' id='word_1_171' title='bbox 553 2332 737 2401; x_wconf 87' lang='lat' dir='ltr'>Scripturas,</span> <span class='ocrx_word' id='word_1_172' title='bbox 773 2332 809 2384; x_wconf 86' lang='lat' dir='ltr'>ad</span> <span class='ocrx_word' id='word_1_173' title='bbox 837 2330 952 2384; x_wconf 88' lang='lat' dir='ltr'>laudem</span> <span class='ocrx_word' id='word_1_174' title='bbox 981 2339 1013 2384; x_wconf 87' lang='lat' dir='ltr'>et</span> <span class='ocrx_word' id='word_1_175' title='bbox 1041 2332 1169 2401; x_wconf 79' lang='lat' dir='ltr'>gloriam</span> 
     </span>
     <span class='ocr_line' id='line_1_23' title="bbox 119 2418 1168 2493; baseline 0.005 -19"><span class='ocrx_word' id='word_1_176' title='bbox 119 2418 198 2487; x_wconf 90' lang='lat' dir='ltr'>Dei,</span> <span class='ocrx_word' id='word_1_177' title='bbox 217 2421 253 2474; x_wconf 90' lang='lat' dir='ltr'>ad</span> <span class='ocrx_word' id='word_1_178' title='bbox 274 2422 399 2474; x_wconf 85' lang='lat' dir='ltr'>salutem</span> <span class='ocrx_word' id='word_1_179' title='bbox 419 2435 449 2474; x_wconf 90' lang='lat' dir='ltr'>et</span> <span class='ocrx_word' id='word_1_180' title='bbox 471 2422 643 2477; x_wconf 80' lang='lat' dir='ltr'>felicitatem</span> <span class='ocrx_word' id='word_1_181' title='bbox 663 2424 825 2478; x_wconf 80' lang='lat' dir='ltr'>Ecoelesiaa</span> <span class='ocrx_word' id='word_1_182' title='bbox 843 2425 1017 2493; x_wconf 77' lang='lat' dir='ltr'>catholicas,</span> <span class='ocrx_word' id='word_1_183' title='bbox 1037 2424 1168 2481; x_wconf 91' lang='lat' dir='ltr'>bonum.</span> 
     </span>
     <span class='ocr_line' id='line_1_24' title="bbox 117 2515 1170 2587; baseline 0.009 -22"><span class='ocrx_word' id='word_1_184' title='bbox 117 2531 180 2587; x_wconf 65' lang='lat' dir='ltr'>,que</span> <span class='ocrx_word' id='word_1_185' title='bbox 198 2523 227 2568; x_wconf 91' lang='lat' dir='ltr'>et</span> <span class='ocrx_word' id='word_1_186' title='bbox 243 2515 438 2571; x_wconf 87' lang='lat' dir='ltr'>commodum</span> <span class='ocrx_word' id='word_1_187' title='bbox 452 2517 547 2571; x_wconf 90' lang='lat' dir='ltr'>totius</span> <span class='ocrx_word' id='word_1_188' title='bbox 564 2516 752 2572; x_wconf 77' lang='lat' dir='ltr'>Germanicae</span> <span class='ocrx_word' id='word_1_189' title='bbox 768 2519 907 2586; x_wconf 84' lang='lat' dir='ltr'>nationis,</span> <span class='ocrx_word' id='word_1_190' title='bbox 927 2518 961 2573; x_wconf 92' lang='lat' dir='ltr'>ad</span> <span class='ocrx_word' id='word_1_191' title='bbox 979 2520 1170 2575; x_wconf 72' lang='lat' dir='ltr'>evulsionem</span> 
     </span>
     <span class='ocr_line' id='line_1_25' title="bbox 120 2609 1172 2682; baseline 0.006 -19"><span class='ocrx_word' id='word_1_192' title='bbox 120 2609 359 2681; x_wconf 89' lang='lat' dir='ltr'>periculosarum</span> <span class='ocrx_word' id='word_1_193' title='bbox 377 2609 554 2665; x_wconf 76' lang='lat' dir='ltr'>abusionum</span> <span class='ocrx_word' id='word_1_194' title='bbox 576 2623 606 2665; x_wconf 89' lang='lat' dir='ltr'>et</span> <span class='ocrx_word' id='word_1_195' title='bbox 627 2612 893 2682; x_wconf 71' lang='lat' dir='ltr'>superstitionum,</span> <span class='ocrx_word' id='word_1_196' title='bbox 911 2622 941 2665; x_wconf 89' lang='lat' dir='ltr'>et</span> <span class='ocrx_word' id='word_1_197' title='bbox 959 2613 993 2666; x_wconf 88' lang='lat' dir='ltr'>ad</span> <span class='ocrx_word' id='word_1_198' title='bbox 1014 2612 1172 2670; x_wconf 86' lang='lat' dir='ltr'>liberatio.</span> 
     </span>
     <span class='ocr_line' id='line_1_26' title="bbox 120 2703 1173 2775; baseline 0.004 -17"><span class='ocrx_word' id='word_1_199' title='bbox 120 2720 190 2758; x_wconf 90' lang='lat' dir='ltr'>nem</span> <span class='ocrx_word' id='word_1_200' title='bbox 210 2705 303 2759; x_wconf 90' lang='lat' dir='ltr'>totius</span> <span class='ocrx_word' id='word_1_201' title='bbox 321 2703 491 2760; x_wconf 86' lang='lat' dir='ltr'>christianas</span> <span class='ocrx_word' id='word_1_202' title='bbox 509 2706 697 2774; x_wconf 77' lang='lat' dir='ltr'>reipublicae,</span> <span class='ocrx_word' id='word_1_203' title='bbox 724 2722 764 2760; x_wconf 82' lang='lat' dir='ltr'>ex</span> <span class='ocrx_word' id='word_1_204' title='bbox 780 2716 827 2761; x_wconf 91' lang='lat' dir='ltr'>tot</span> <span class='ocrx_word' id='word_1_205' title='bbox 846 2706 977 2775; x_wconf 83' lang='lat' dir='ltr'>infinitis,</span> <span class='ocrx_word' id='word_1_206' title='bbox 998 2707 1173 2762; x_wconf 87' lang='lat' dir='ltr'>innumera.</span> 
     </span>
     <span class='ocr_line' id='line_1_27' title="bbox 120 2795 1172 2874; baseline 0.005 -23"><span class='ocrx_word' id='word_1_207' title='bbox 120 2795 245 2858; x_wconf 79' lang='lat' dir='ltr'>bilibus,</span> <span class='ocrx_word' id='word_1_208' title='bbox 268 2797 365 2869; x_wconf 87' lang='lat' dir='ltr'>impiis</span> <span class='ocrx_word' id='word_1_209' title='bbox 387 2809 418 2852; x_wconf 89' lang='lat' dir='ltr'>et</span> <span class='ocrx_word' id='word_1_210' title='bbox 438 2799 653 2854; x_wconf 89' lang='lat' dir='ltr'>damnabilibus</span> <span class='ocrx_word' id='word_1_211' title='bbox 680 2800 840 2869; x_wconf 86' lang='lat' dir='ltr'>tyrannicis</span> <span class='ocrx_word' id='word_1_212' title='bbox 861 2799 1080 2868; x_wconf 86' lang='lat' dir='ltr'>dedecoribus,</span> <span class='ocrx_word' id='word_1_213' title='bbox 1100 2818 1172 2874; x_wconf 89' lang='lat' dir='ltr'>pro.</span> 
     </span>
     <span class='ocr_line' id='line_1_28' title="bbox 120 2886 1118 2964; baseline 0.008 -22"><span class='ocrx_word' id='word_1_214' title='bbox 120 2886 202 2958; x_wconf 77' lang='lat' dir='ltr'>bris,</span> <span class='ocrx_word' id='word_1_215' title='bbox 220 2891 441 2958; x_wconf 85' lang='lat' dir='ltr'>gravaminibus</span> <span class='ocrx_word' id='word_1_216' title='bbox 461 2903 490 2946; x_wconf 90' lang='lat' dir='ltr'>et</span> <span class='ocrx_word' id='word_1_217' title='bbox 509 2891 717 2962; x_wconf 86' lang='lat' dir='ltr'>blasphemiis,</span> <span class='ocrx_word' id='word_1_218' title='bbox 739 2896 932 2964; x_wconf 84' lang='lat' dir='ltr'>proposuisse</span> <span class='ocrx_word' id='word_1_219' title='bbox 946 2906 976 2949; x_wconf 88' lang='lat' dir='ltr'>et</span> <span class='ocrx_word' id='word_1_220' title='bbox 994 2895 1118 2950; x_wconf 82' lang='lat' dir='ltr'>fecisse.</span> 
     </span>
    </p>

    <p class='ocr_par' dir='ltr' id='par_1_4' title="bbox 121 2982 1174 3714">
     <span class='ocr_line' id='line_1_29' title="bbox 190 2982 1168 3056; baseline 0.007 -21"><span class='ocrx_word' id='word_1_221' title='bbox 190 2982 370 3040; x_wconf 84' lang='lat' dir='ltr'>Electoralis</span> <span class='ocrx_word' id='word_1_222' title='bbox 387 2984 490 3040; x_wconf 84' lang='lat' dir='ltr'>Gratia</span> <span class='ocrx_word' id='word_1_223' title='bbox 507 2999 606 3040; x_wconf 87' lang='lat' dir='ltr'>vestra</span> <span class='ocrx_word' id='word_1_224' title='bbox 622 2989 759 3056; x_wconf 83' lang='lat' dir='ltr'>dignetur</span> <span class='ocrx_word' id='word_1_225' title='bbox 774 3003 914 3042; x_wconf 88' lang='lat' dir='ltr'>unacum</span> <span class='ocrx_word' id='word_1_226' title='bbox 927 2988 1019 3044; x_wconf 87' lang='lat' dir='ltr'>Rom.</span> <span class='ocrx_word' id='word_1_227' title='bbox 1034 2988 1168 3044; x_wconf 75' lang='lat' dir='ltr'>Caesarea</span> 
     </span>
     <span class='ocr_line' id='line_1_30' title="bbox 121 3074 1170 3150; baseline 0.004 -16"><span class='ocrx_word' id='word_1_228' title='bbox 121 3074 284 3149; x_wconf 87' lang='lat' dir='ltr'>Majestate</span> <span class='ocrx_word' id='word_1_229' title='bbox 304 3077 500 3135; x_wconf 87' lang='lat' dir='ltr'>christianum</span> <span class='ocrx_word' id='word_1_230' title='bbox 522 3079 644 3144; x_wconf 84' lang='lat' dir='ltr'>oculum</span> <span class='ocrx_word' id='word_1_231' title='bbox 669 3091 699 3135; x_wconf 92' lang='lat' dir='ltr'>et</span> <span class='ocrx_word' id='word_1_232' title='bbox 721 3093 892 3150; x_wconf 87' lang='lat' dir='ltr'>respectum</span> <span class='ocrx_word' id='word_1_233' title='bbox 910 3080 1024 3135; x_wconf 84' lang='lat' dir='ltr'>habere</span> <span class='ocrx_word' id='word_1_234' title='bbox 1047 3083 1083 3137; x_wconf 85' lang='lat' dir='ltr'>ad</span> <span class='ocrx_word' id='word_1_235' title='bbox 1109 3093 1170 3138; x_wconf 88' lang='lat' dir='ltr'>tam</span> 
     </span>
     <span class='ocr_line' id='line_1_31' title="bbox 122 3168 1169 3248; baseline 0.007 -25"><span class='ocrx_word' id='word_1_236' title='bbox 122 3168 226 3224; x_wconf 90' lang='lat' dir='ltr'>multis</span> <span class='ocrx_word' id='word_1_237' title='bbox 246 3172 343 3226; x_wconf 87' lang='lat' dir='ltr'>tnodis</span> <span class='ocrx_word' id='word_1_238' title='bbox 366 3182 524 3226; x_wconf 87' lang='lat' dir='ltr'>oneratum</span> <span class='ocrx_word' id='word_1_239' title='bbox 544 3181 655 3228; x_wconf 89' lang='lat' dir='ltr'>statum</span> <span class='ocrx_word' id='word_1_240' title='bbox 673 3174 766 3229; x_wconf 91' lang='lat' dir='ltr'>totius</span> <span class='ocrx_word' id='word_1_241' title='bbox 790 3173 1032 3230; x_wconf 85' lang='lat' dir='ltr'>Christianitatis.</span> <span class='ocrx_word' id='word_1_242' title='bbox 1074 3173 1169 3248; x_wconf 76' lang='lat' dir='ltr'>Quod</span> 
     </span>
     <span class='ocr_line' id='line_1_32' title="bbox 124 3263 1172 3335; baseline 0.007 -18"><span class='ocrx_word' id='word_1_243' title='bbox 124 3280 181 3335; x_wconf 91' lang='lat' dir='ltr'>pro</span> <span class='ocrx_word' id='word_1_244' title='bbox 206 3263 345 3319; x_wconf 79' lang='lat' dir='ltr'>Caesarea</span> <span class='ocrx_word' id='word_1_245' title='bbox 359 3265 521 3335; x_wconf 86' lang='lat' dir='ltr'>Majestate</span> <span class='ocrx_word' id='word_1_246' title='bbox 536 3275 569 3320; x_wconf 83' lang='lat' dir='ltr'>et</span> <span class='ocrx_word' id='word_1_247' title='bbox 591 3265 752 3322; x_wconf 87' lang='lat' dir='ltr'>Electorali</span> <span class='ocrx_word' id='word_1_248' title='bbox 771 3266 875 3323; x_wconf 87' lang='lat' dir='ltr'>Gratia</span> <span class='ocrx_word' id='word_1_249' title='bbox 897 3277 997 3323; x_wconf 85' lang='lat' dir='ltr'>vestra</span> <span class='ocrx_word' id='word_1_250' title='bbox 1011 3269 1095 3324; x_wconf 87' lang='lat' dir='ltr'>ultra</span> <span class='ocrx_word' id='word_1_251' title='bbox 1129 3270 1172 3324; x_wconf 87' lang='lat' dir='ltr'>di.</span> 
     </span>
     <span class='ocr_line' id='line_1_33' title="bbox 121 3358 1170 3432; baseline 0.004 -20"><span class='ocrx_word' id='word_1_252' title='bbox 121 3359 222 3412; x_wconf 83' lang='lat' dir='ltr'>-viuatn</span> <span class='ocrx_word' id='word_1_253' title='bbox 241 3358 449 3415; x_wconf 83' lang='lat' dir='ltr'>liberalitatem</span> <span class='ocrx_word' id='word_1_254' title='bbox 465 3374 494 3416; x_wconf 90' lang='lat' dir='ltr'>et</span> <span class='ocrx_word' id='word_1_255' title='bbox 513 3362 638 3429; x_wconf 88' lang='lat' dir='ltr'>gratiam</span> <span class='ocrx_word' id='word_1_256' title='bbox 661 3361 736 3416; x_wconf 84' lang='lat' dir='ltr'>meis</span> <span class='ocrx_word' id='word_1_257' title='bbox 752 3362 870 3417; x_wconf 88' lang='lat' dir='ltr'>miseris</span> <span class='ocrx_word' id='word_1_258' title='bbox 893 3360 1081 3417; x_wconf 75' lang='lat' dir='ltr'>orationibus</span> <span class='ocrx_word' id='word_1_259' title='bbox 1098 3378 1170 3432; x_wconf 89' lang='lat' dir='ltr'>erga</span> 
     </span>
     <span class='ocr_line' id='line_1_34' title="bbox 124 3450 1172 3538; baseline 0.005 -32"><span class='ocrx_word' id='word_1_260' title='bbox 124 3450 228 3506; x_wconf 88' lang='lat' dir='ltr'>Deum</span> <span class='ocrx_word' id='word_1_261' title='bbox 252 3469 339 3506; x_wconf 83' lang='lat' dir='ltr'>orare</span> <span class='ocrx_word' id='word_1_262' title='bbox 364 3470 499 3524; x_wconf 86' lang='lat' dir='ltr'>semper,</span> <span class='ocrx_word' id='word_1_263' title='bbox 530 3466 564 3510; x_wconf 88' lang='lat' dir='ltr'>ut</span> <span class='ocrx_word' id='word_1_264' title='bbox 587 3455 728 3510; x_wconf 89' lang='lat' dir='ltr'>miseret</span> <span class='ocrx_word' id='word_1_265' title='bbox 751 3457 904 3525; x_wconf 87' lang='lat' dir='ltr'>subjectus</span> <span class='ocrx_word' id='word_1_266' title='bbox 926 3455 1117 3538; x_wconf 82' lang='lat' dir='ltr'>capellanus,</span> <span class='ocrx_word' id='word_1_267' title='bbox 1141 3457 1172 3511; x_wconf 91' lang='lat' dir='ltr'>in</span> 
     </span>
     <span class='ocr_line' id='line_1_35' title="bbox 125 3545 1174 3622; baseline 0.007 -22"><span class='ocrx_word' id='word_1_268' title='bbox 125 3547 208 3600; x_wconf 89' lang='lat' dir='ltr'>omni</span> <span class='ocrx_word' id='word_1_269' title='bbox 236 3545 402 3600; x_wconf 88' lang='lat' dir='ltr'>humilitate</span> <span class='ocrx_word' id='word_1_270' title='bbox 425 3563 491 3601; x_wconf 84' lang='lat' dir='ltr'>autu</span> <span class='ocrx_word' id='word_1_271' title='bbox 519 3556 550 3602; x_wconf 88' lang='lat' dir='ltr'>et</span> <span class='ocrx_word' id='word_1_272' title='bbox 577 3549 724 3617; x_wconf 86' lang='lat' dir='ltr'>obligatus</span> <span class='ocrx_word' id='word_1_273' title='bbox 743 3559 774 3604; x_wconf 91' lang='lat' dir='ltr'>et</span> <span class='ocrx_word' id='word_1_274' title='bbox 791 3559 922 3622; x_wconf 69' lang='lat' dir='ltr'>paratus·</span> <span class='ocrx_word' id='word_1_275' title='bbox 956 3548 1174 3612; x_wconf 79' lang='lat' dir='ltr'>Datum&#39;Wit·</span> 
     </span>
     <span class='ocr_line' id='line_1_36' title="bbox 128 3637 1040 3714; baseline 0.008 -21"><span class='ocrx_word' id='word_1_276' title='bbox 128 3637 305 3706; x_wconf 79' lang='lat' dir='ltr'>teutbergae,</span> <span class='ocrx_word' id='word_1_277' title='bbox 324 3641 371 3694; x_wconf 90' lang='lat' dir='ltr'>die</span> <span class='ocrx_word' id='word_1_278' title='bbox 391 3640 605 3696; x_wconf 78' lang='lat' dir='ltr'>conversionis</span> <span class='ocrx_word' id='word_1_279' title='bbox 624 3644 654 3701; x_wconf 86' lang='lat' dir='ltr'>S.</span> <span class='ocrx_word' id='word_1_280' title='bbox 672 3643 775 3714; x_wconf 89' lang='lat' dir='ltr'>Pauli,</span> <span class='ocrx_word' id='word_1_281' title='bbox 794 3661 870 3699; x_wconf 91' lang='lat' dir='ltr'>anno</span> <span class='ocrx_word' id='word_1_282' title='bbox 888 3642 1040 3700; x_wconf 76' lang='lat' dir='ltr'>MDm</span> 
     </span>
    </p>

    <p class='ocr_par' dir='ltr' id='par_1_5' title="bbox 193 3731 844 3804">
     <span class='ocr_line' id='line_1_37' title="bbox 193 3731 844 3804; baseline 0.003 -15"><span class='ocrx_word' id='word_1_283' title='bbox 193 3731 375 3804; x_wconf 74' lang='lat' dir='ltr'>Electoralis</span> <span class='ocrx_word' id='word_1_284' title='bbox 392 3732 504 3790; x_wconf 84' lang='lat' dir='ltr'>Gratiae</span> <span class='ocrx_word' id='word_1_285' title='bbox 525 3745 632 3790; x_wconf 73' lang='lat' dir='ltr'>vestm</span> <span class='ocrx_word' id='word_1_286' title='bbox 840 3745 844 3752; x_wconf 81' lang='grc'>·</span> 
     </span>
    </p>
   </div>
   <div class='ocr_carea' id='block_1_3' title="bbox 470 3823 1176 3997">
    <p class='ocr_par' dir='ltr' id='par_1_6' title="bbox 470 3823 1176 3997">
     <span class='ocr_line' id='line_1_38' title="bbox 470 3823 992 3904; baseline 0.008 -19"><span class='ocrx_word' id='word_1_287' title='bbox 470 3823 613 3886; x_wconf 86' lang='lat' dir='ltr'>obediens</span> <span class='ocrx_word' id='word_1_288' title='bbox 633 3837 664 3886; x_wconf 79' lang='lat' dir='ltr'>et</span> <span class='ocrx_word' id='word_1_289' title='bbox 680 3831 790 3902; x_wconf 83' lang='lat' dir='ltr'>suplex</span> <span class='ocrx_word' id='word_1_290' title='bbox 816 3831 992 3904; x_wconf 84' lang='lat' dir='ltr'>capellanus</span> 
     </span>
     <span class='ocr_line' id='line_1_39' title="bbox 835 3922 1176 3997; baseline 0.009 -16"><span class='ocrx_word' id='word_1_291' title='bbox 835 3922 988 3990; x_wconf 84' lang='lat' dir='ltr'>Martinus</span> <span class='ocrx_word' id='word_1_292' title='bbox 1005 3924 1176 3997; x_wconf 73' lang='lat' dir='ltr'>[nitherus.</span> 
     </span>
    </p>
   </div>
   <div class='ocr_carea' id='block_1_4' title="bbox 0 0 1307 5056">
    <p class='ocr_par' dir='ltr' id='par_1_7' title="bbox 0 0 1307 5056">
     <span class='ocr_line' id='line_1_40' title="bbox 0 0 1307 5056; baseline 0 0"><span class='ocrx_word' id='word_1_293' title='bbox 0 0 1307 5056; x_wconf 95' lang='lat' dir='ltr'> </span> 
     </span>
    </p>
   </div>
  </div>
 </body>
</html>
