2574 4732
578 301 668 372 1519.
1088 300 1149 368 285

171 463 329 532 Tandem,
346 469 382 520 nt
399 461 463 518 hoc
485 437 659 530 obtineret,
685 460 810 516 coactns
828 465 875 516 est
892 458 998 516 saltem
1017 457 1081 514 hoc
1098 460 1150 515 r'd.

104 561 242 631 mittere,
267 568 302 614 ut
322 566 450 628 excepta
471 556 632 627 disputatio
651 571 705 625 per
723 554 859 609 notarios
877 570 938 609 non
958 556 1100 610 ederetur
1119 554 1149 610 in

103 654 280 727 publicum,
304 651 362 706 nisi
375 649 523 721 judicium
544 650 714 720 aliquorum
733 648 879 703 audirent.
919 647 976 702 llic
993 664 1073 704 nova
1089 648 1151 704 dis.
1239 660 1241 665 ·

103 747 235 819 ceptatio
255 746 293 800 de
309 743 463 814 judicibus
485 743 637 811 eligendis.
672 743 809 797 Tandem
832 741 921 796 etiam
945 740 1055 798 inhoc
1074 760 1151 799 con.

103 842 217 897 sentire
242 837 481 910 compulerunt,
512 847 545 893 ut
567 837 649 892 finite
668 835 876 908 disputatione:
892 836 1090 892 convenirent
1110 838 1150 893 de

100 933 269 1004 jndicibus:
289 948 347 986 nec
370 931 456 986 aliter
477 930 639 987 voluerunt
657 932 815 986 admittere
832 928 1075 1000 disputationem.
1108 929 1152 986 Et

104 1028 147 1084 its
165 1035 297 1083 cornuto
325 1025 500 1096 syllogismo
522 1042 580 1081 nos
605 1026 814 1096 impetierunt,
844 1033 880 1079 ut
897 1022 1059 1092 utrobique
1079 1040 1154 1079 con.

105 1121 313 1187 funderentur,
341 1121 405 1175 sive
431 1119 512 1193 qnod
538 1120 771 1193 disputationem
793 1118 1062 1184 damnassemus,
1087 1117 1153 1173 sire
1178 1171 1183 1178 ,

36 1289 38 1292 ¹
105 1215 188 1285 quod
206 1213 437 1284 disputationem
460 1230 585 1269 necesse
603 1222 683 1269 esset
700 1212 851 1282 subjicere
870 1211 977 1281 iniquis
988 1209 1154 1280 judicibus.

105 1307 197 1363 Vides
219 1323 292 1376 ergo
319 1323 436 1364 crassas
463 1308 535 1363 istas
560 1309 701 1376 astutias,
729 1305 838 1376 quibus
866 1303 956 1359 nobis
979 1303 1153 1359 libertatem

105 1409 225 1471 pactam
241 1400 438 1456 abstulerunt.
471 1400 789 1456 Namilnlversitates
807 1407 838 1453 et
855 1397 1026 1454 Romanum
1047 1397 1155 1452 Ponti.

105 1493 193 1549 licem
215 1504 332 1550 certum
352 1494 501 1549 habemus
521 1506 551 1550 et
567 1511 624 1550 nos
643 1504 694 1548 aut
712 1507 884 1563 nunquam,
902 1501 953 1546 aut
974 1500 1081 1547 contra
1096 1505 1154 1548 nos

106 1588 371 1659 pronuntiaturos,
387 1588 418 1643 id
435 1588 516 1658 quod
536 1589 624 1642 unice
641 1588 697 1658 ipsi
716 1586 878 1656 suspirant.
1037 1585 1040 1589 ’
1112 1574 1121 1584 “

173 1681 281 1737 Altero
303 1680 351 1737 die
374 1695 423 1734 me
443 1689 554 1736 uocato
574 1695 714 1736 seorsum
730 1680 809 1734 idem
828 1687 1069 1752 proposuerunt:
1097 1695 1154 1750 ego

105 1785 206 1832 autern
229 1775 346 1829 veritus
374 1773 545 1828 Romanurn
573 1772 772 1839 Pontificem,
797 1773 903 1827 deinde
932 1774 977 1828 sic
1000 1790 1016 1827 a
1041 1773 1156 1829 nostrie

104 1881 284 1938 persuasus.
303 1866 439 1923 recusavi
458 1865 513 1921 has
530 1867 718 1922 conditiones
737 1881 859 1922 omnes:
877 1879 943 1921 tum
962 1866 1004 1921 illi
1024 1875 1154 1938 excepto

105 1958 246 2013 Romano
266 1957 415 2015 Pontidce
432 1959 503 2014 alias
524 1960 741 2017 Universitetes
758 1959 943 2016 obtulerunt.
977 1958 1044 2029 Ego
1065 1959 1156 2015 liber.

105 2059 200 2106 tatem
222 2063 338 2121 pactam
362 2053 475 2108 servari
499 2054 590 2125 petii.
609 2053 779 2110 nolentibus
800 2053 936 2108 recusavi
965 2062 995 2109 ct
1023 2053 1154 2125 disputa.
1180 2108 1182 2113 ,

106 2147 221 2202 tionem
252 2147 427 2218 repudiavit
464 2159 530 2203 tum
556 2164 631 2204 mox
662 2157 726 2202 tota
755 2147 850 2213 farne,
880 2162 930 2201 me
954 2163 1016 2203 non
1044 2147 1155 2202 audere
1228 2208 1232 2214 ,

105 2240 337 2312 disputationem
367 2257 545 2312 assumere,
574 2253 604 2297 et
633 2243 715 2313 quod
743 2241 872 2313 iniquius
904 2251 1010 2309 esset,
1035 2241 1155 2311 judices

104 2334 204 2392 nullos
224 2336 283 2406 pati
309 2335 401 2391 velle.
445 2336 518 2392 Haec
547 2338 646 2392 omnia
670 2335 859 2391 odiosissime
885 2345 915 2389 et
938 2334 1154 2403 malignissime
1214 2360 1226 2369 -

100 2428 212 2497 jactata
231 2438 262 2485 ct
285 2430 498 2501 interpretata,
522 2430 562 2485 ita
586 2441 620 2487 ut
643 2439 674 2484 et
694 2429 892 2485 amicissimos
908 2445 1030 2499 quoque
1048 2445 1156 2488 omnes

106 2519 331 2577 subverterent:
353 2532 383 2577 ct
395 2523 458 2591 jam
474 2523 684 2579 Universitatis
701 2533 812 2578 nostrae
833 2522 993 2589 ignominia
1007 2528 1156 2591 perpetua

107 2621 172 2666 eret
190 2612 220 2665 in
237 2622 369 2682 promtu.
396 2613 473 2669 Post
494 2616 559 2670 hssc
575 2616 801 2672 consiliantibus
818 2614 921 2668 amicis
939 2614 1013 2678 adii,
1036 2622 1066 2667 et
1082 2628 1157 2666 con.

107 2703 262 2759 ditionem'
273 2704 509 2773 indignabundus
529 2708 705 2780 acceptavi:
728 2708 773 2763 sic
797 2716 897 2760 tamen
917 2716 952 2758 ut
974 2703 1055 2759 salva
1076 2711 1158 2760 esset

106 2795 182 2852 mihi
201 2797 370 2867 ¹appellatio
397 2813 482 2865 mea,
512 2810 544 2854 et
570 2817 666 2856 causae
690 2817 763 2855 meas
790 2799 865 2854 nihil
896 2797 1157 2871 praejudicaretur,

109 2891 234 2945 exclusa
252 2890 342 2945 etiarn
360 2891 497 2946 Romana
516 2892 610 2947 curia.

175 2983 372 3054 Disputaturu
394 2991 440 3040 est
465 3000 535 3039 cum
557 2985 723 3042 Carlstadio
745 2986 875 3057 primum
899 2983 936 3040 de
959 2982 1055 3039 libero
1078 2982 1156 3039 arbi.

105 3076 186 3144 trio,
215 3091 269 3147 per
286 3076 517 3135 hebdomadam.
557 3077 738 3136 Csrlstadius
757 3079 892 3135 adductis
909 3078 994 3134 libris
1014 3078 1156 3133 ostende.

104 3168 158 3224 bet
183 3179 358 3239 arguments
383 3171 462 3227 illius
487 3179 518 3228 et
543 3173 709 3231 solutiones
732 3169 810 3245 (per
838 3170 963 3240 Deum)
990 3173 1107 3240 egregie
1124 3179 1156 3228 et

105 3262 352 3334 locupletissime.

171 3356 249 3413 Post
276 3357 342 3413 haec
371 3374 441 3414 cum
477 3359 644 3418 Carlstadio
674 3376 797 3438 quoque
831 3360 1000 3431 opponendi
1027 3361 1154 3419 facultas

105 3450 176 3517 data
192 3460 290 3519 esset,
314 3452 465 3509 recusavit
488 3453 615 3525 Eccius,
641 3455 698 3512 nisi
717 3455 831 3510 relictis
853 3455 934 3511 domi
959 3455 1042 3511 libris
1067 3470 1156 3524 argu.

104 3552 315 3613 mentaretur,
347 3562 417 3601 cum
444 3548 582 3605 Andreas
612 3551 681 3606 ideo
715 3550 846 3616 laceret,
876 3559 911 3604 ut
939 3550 966 3605 ei
992 3549 1156 3605 infaciem

105 3639 297 3705 ostenderet,
315 3655 349 3694 se
367 3651 452 3696 recte
471 3644 620 3699 adducere
637 3644 716 3698 dicte
737 3643 897 3713 scripturn
917 3651 948 3697 et
962 3642 1100 3702 Parrum,
1124 3647 1156 3694 et

104 3746 167 3785 non
186 3733 338 3789 violenter
360 3743 521 3804 tractaret,
550 3738 711 3808 sicutipse
731 3736 889 3793 convictus
911 3744 976 3790 eret
995 3742 1155 3790 tractasse.

107 3821 165 3879 llic
177 3829 323 3882 tumultus
342 3827 451 3884 iterum
473 3837 578 3887 onus:
597 3833 716 3887 tandem
733 3846 789 3902 pro
810 3829 907 3886 Eccio
926 3836 1070 3883 statutum
1093 3831 1155 3888 est,

104 3917 318 3988 relinquendos
337 3937 404 3977 esse
423 3921 518 3978 libros
541 3919 645 3982 domi:
674 3925 727 3982 sed
747 3926 814 3996 quis
833 3939 895 3979 non
916 3921 1033 3985 videat,
1060 3920 1085 3974 si
1103 3934 1157 3974 ve.

103 4010 201 4067 ritatis
228 4028 319 4071 cansa
340 4015 524 4088 disputatum
548 4027 649 4089 esset,
675 4018 839 4092 optandum
860 4017 968 4080 luisse,
996 4021 1030 4077 nt
1048 4027 1155 4070 omnes
