2574 4732
121 306 166 395 ⁸³2
607 303 698 372 1516.

122 460 270 518 Michaeli
288 461 427 520 Dreaael‘
438 462 597 537 praecipio,
614 473 648 520 ut
669 464 800 522 officium
819 473 849 523 et
864 468 993 539 sigillum
1016 473 1171 543 resignest

124 574 183 628 qua
198 559 287 613 etiarn
302 558 462 613 autoritate
477 568 507 615 te
523 557 560 613 ab
577 559 677 615 officio
689 561 841 631 prioratus
854 560 980 619 absolvo
1001 565 1031 619 ia
1048 567 1171 623 nomiae

122 650 223 708 Patris
242 661 273 706 et
288 650 352 706 Filii
367 663 397 707 et
413 651 540 723 Spiritus
560 654 654 709 sancti
664 691 674 722 ,
693 655 802 710 Arnon.
820 654 860 710 Et
873 673 928 727 per
946 657 1048 714 literas
1066 658 1122 716 hae
1139 658 1173 735 inx

73 795 77 804 ,
123 744 278 806 absonum
296 744 403 801 absens
423 746 494 801 volo
512 746 637 815 fecisse,
661 748 743 820 quod
762 751 936 822 praesensio
955 764 1143 823 praesentem.

190 839 258 896 Nec
279 840 351 895 volo
373 842 454 911 quod
476 841 660 912 queruleris,
687 843 754 913 quia
770 852 802 898 te
820 859 881 900 non
903 846 1035 901 auditum
1049 847 1168 917 judica.

121 934 236 1005 verim,
259 950 316 989 neo
336 933 547 995 excusationes
564 943 631 990 tuas
647 937 845 1008 perceperim.
871 938 971 994 Credo
989 956 1059 995 sane
1076 958 1167 1012 quam

120 1029 255 1100 optime,
273 1028 355 1101 quod
374 1029 489 1096 omnia,
513 1042 578 1098 quta
597 1027 713 1087 fecisti,
732 1030 844 1100 optime
864 1029 1029 1088 intentione
1049 1031 1165 1090 fecisti:

120 1138 179 1178 aec
195 1123 258 1177 ullo
282 1121 375 1177 modo
396 1124 519 1190 possum
538 1119 693 1191 cogitare.
716 1123 799 1192 quod
818 1125 953 1182 studiose
971 1137 1001 1182 et
1020 1129 1166 1183 malitiose

118 1217 232 1288 eliquid
244 1213 452 1281 feceris‚unde
461 1211 594 1268 turbatio
607 1213 754 1270 oriretur:
773 1225 889 1271 tanturn
901 1218 1009 1288 fecisti,
1020 1232 1166 1291 quantum

123 1309 224 1379 gratie
238 1306 380 1363 habuisti.
398 1305 447 1360 De
464 1308 525 1376 quo
543 1320 599 1374 ego
612 1304 666 1361 tibi
679 1307 788 1374 gratias
801 1325 867 1378 ago.
889 1320 919 1365 et
935 1328 1043 1368 omnes
1057 1315 1166 1369 fratres

119 1404 184 1471 tui,
201 1403 225 1456 si
245 1417 304 1454 nou
325 1399 440 1469 egerint
457 1398 510 1453 tibi
531 1399 658 1467 gratias,
683 1398 757 1456 mibi
776 1403 973 1458 vehementer
994 1406 1166 1476 displicent.

186 1494 242 1549 Sed
261 1493 323 1550 hoc
338 1504 397 1559 cst,
415 1492 496 1564 quod
512 1501 542 1546 te
561 1484 719 1548 consolari¹
732 1494 833 1563 debet,
851 1497 998 1567 quianon
1015 1501 1087 1554 satis
1105 1510 1164 1569 est,

118 1603 185 1646 esse
202 1588 317 1644 bonum
334 1598 365 1643 et
378 1587 461 1660 pium
478 1585 632 1642 hominem
648 1587 677 1641 in
696 1603 730 1641 se
745 1587 833 1660 ipso:
850 1590 902 1644 aed
921 1591 1008 1644 etiarn
1028 1603 1166 1662 oportet,

117 1692 153 1739 ut
168 1698 228 1755 pax
247 1682 285 1738 sit
302 1691 333 1737 et
351 1681 515 1737 concordia
530 1681 657 1735 aliorum
676 1698 747 1736 cum
766 1682 827 1740 illo.
856 1683 966 1754 Srepius
987 1685 1163 1757 displicent,

118 1787 149 1834 et
174 1778 284 1833 merito
309 1776 488 1831 damnantur
519 1775 633 1847 optima
656 1793 771 1848 opera,
801 1787 834 1833 ut
857 1793 917 1850 pax
944 1790 1162 1837 conservetur:

117 1884 230 1943 quanto
256 1870 351 1941 magis
375 1870 424 1924 illa
446 1884 507 1924 non
528 1880 598 1924 sunt
621 1870 687 1939 paci
712 1870 914 1943 praeferenda.
949 1889 1014 1944 que
1035 1874 1163 1944 quisque

115 1963 196 2020 bona
214 1964 383 2031 ‚intentione
405 1972 435 2017 et
458 1971 525 2016 toto
544 1963 644 2016 studio
666 1964 812 2034 perfecit:
838 1974 986 2021 ettamen
1005 1968 1041 2022 ad
1057 1983 1163 2039 paoem

114 2073 170 2130 per
187 2057 292 2112 eadem
310 2071 372 2110 uon
390 2054 529 2126 profecit.

183 2164 278 2233 igitur
307 2162 447 2218 absoluto
480 2160 613 2229 Priore,
646 2180 724 2233 rogo
754 2181 810 2221 vos
837 2182 891 2235 per
920 2169 1160 2224 misericordiam

115 2257 244 2328 christi,
267 2257 368 2312 atatim
385 2254 564 2310 unanimiter
580 2256 726 2324 cogitate,
744 2267 775 2314 et
792 2258 898 2327 elegite
918 2269 981 2315 tres
1004 2277 1058 2332 per
1077 2264 1161 2317 ordi.

112 2367 184 2408 uem
196 2342 361 2409 secuudum
375 2356 502 2404 statuta:
522 2348 561 2402 ita
578 2363 666 2418 saue,
684 2362 794 2406 utnon
811 2349 911 2419 (sicut
927 2354 1033 2424 saepius
1050 2369 1160 2426 expet.

112 2455 163 2501 tus
181 2461 249 2500 sum
268 2442 387 2498 inutiles
405 2441 569 2498 electiones
590 2450 621 2497 et
638 2460 750 2498 vocum
767 2445 1001 2511 frustrationes)
1028 2446 1158 2517 aliquem

113 2538 228 2609 eligatis
249 2551 374 2604 eorum,
400 2550 458 2589 aec
477 2535 555 2591 ullus
578 2546 714 2592 vestrum
736 2553 846 2592 vocem
868 2553 954 2593 suam
975 2540 1027 2595 det
1049 2541 1156 2610 alicui,

113 2635 165 2716 qui
184 2649 244 2689 non
268 2639 369 2702 potest
387 2629 512 2698 haberi,
537 2639 572 2684 ut
592 2643 677 2701 puta,
701 2632 752 2703 qui
765 2631 830 2701 jam
847 2632 878 2686 in
896 2631 996 2688 officio
1016 2644 1080 2702 est,
1108 2639 1157 2692 rel

16 2773 19 2780 .
112 2730 261 2785 aliusnon
278 2725 383 2781 haberi
403 2734 513 2796 potest.
544 2725 591 2780 Sic
610 2727 689 2778 enim
707 2725 861 2792 eligendo,
879 2712 1015 2796 perditur
1037 2738 1156 2800 tompus

112 2833 143 2877 et
163 2822 266 2890 labor,
291 2830 321 2876 et
341 2829 469 2891 pereunt
490 2818 602 2875 frustra
624 2834 729 2875 voces.
759 2818 862 2890 Quare
886 2829 954 2875 ante
975 2820 1162 2877 electionem·

110 2917 185 2972 mihi
211 2917 360 2988 placeret,
395 2923 428 2969 ut
453 2913 550 2986 palam
578 2925 826 2968 enumerarentur
844 2902 958 2971 'omnes
967 2934 979 2985 3
1013 2917 1064 2988 qui
1094 2934 1155 2971 non

111 2999 341 3080 possent'vobis
361 3009 442 3076 dari,
461 3019 494 3062 ut
508 3007 600 3062 sciret
616 3006 762 3077 quisque,
780 3006 828 3061 cui
849 3024 909 3062 non
929 3009 1014 3063 daret
1034 3025 1154 3065 vocent.

109 3101 178 3158 Nec
194 3111 241 3156 est
258 3111 432 3172 peccatum,
451 3099 475 3154 si
491 3099 607 3168 aliquos
629 3099 827 3167 enumeretis,
852 3101 902 3171 qui
919 3112 1047 3173 possunt
1065 3102 1153 3158 vobis

110 3194 190 3262 dari,
207 3206 333 3265 propter
351 3209 420 3257 eoa,
440 3191 490 3262 qui
509 3191 646 3259 ignorant
665 3191 745 3247 forte
763 3192 927 3261 eligendos.

179 3286 413 3360 Quemcumque
431 3296 529 3338 autem
547 3283 716 3352 elegeritis,
734 3285 779 3351 ei,
804 3287 908 3357 optimi
926 3287 1065 3358 Fratres,
1089 3289 1152 3345 hoc

110 3383 191 3436 omni
207 3381 308 3436 studio
325 3377 432 3446 facite,
458 3389 491 3432 ut
508 3394 569 3433 non
588 3379 697 3432 vestris
714 3377 845 3447 viribus,
870 3382 923 3436 sed
939 3384 1065 3439 assiduis
1084 3400 1153 3437 ora.

108 3475 241 3538 tionibus
264 3474 389 3546 petatis,
414 3473 494 3528 sicut
516 3471 596 3537 dixi,
621 3485 654 3528 ut
669 3472 820 3530 Dominus
840 3490 896 3529 vos
919 3476 991 3531 velit
1010 3477 1149 3546 dirigere.

107 3568 283 3626 Diciteuim
296 3567 448 3639 Scriptura
464 3566 494 3620 in
509 3564 658 3622 deremia:
679 3566 759 3636 Scio,
777 3566 919 3630 Domine,
935 3571 1009 3642 quic
1026 3587 1088 3625 non
1108 3577 1153 3626 ert

108 3662 239 3720 hominis
256 3662 306 3719 uia
325 3663 407 3730 ςῙω,
426 3678 480 3716 nec
495 3677 620 3736 pressus
637 3661 713 3723 uiri,
733 3667 766 3716 ut
784 3659 963 3717 ambuletur
981 3663 1036 3719 eir.
1069 3663 1150 3719 Con.

107 3768 205 3815 testor
223 3756 304 3813 enim
328 3773 384 3812 vos
406 3773 480 3811 ecce
501 3772 555 3828 per
577 3766 753 3827 praesentes,
784 3764 815 3810 et
834 3756 986 3827 predico,
1015 3757 1071 3812 uisi
1095 3774 1150 3829 per

107 3869 246 3925 preceaa
265 3851 336 3909 Deo
351 3850 541 3907 obtinueritis
560 3851 692 3919 regimen
711 3850 821 3905 vestri:
844 3866 906 3905 non
927 3850 1077 3906 habebitis
1097 3868 1150 3922 pa.

108 3963 175 4001 cem
199 3957 228 4001 et
255 3961 433 4016 prosperum
457 3958 654 4014 successum,
684 3944 773 3999 etiam
797 3943 822 3998 si
845 3955 966 4008 sanctus
990 3944 1149 4002 Jolraunes

106 4039 241 4113 Baptista
257 4039 348 4097 Prior
366 4047 467 4095 vester
484 4047 580 4095 esset:
598 4048 698 4094 totum
713 4045 760 4095 est
778 4037 808 4094 ia
823 4053 914 4093 manu
928 4037 1077 4109 Domini,
1098 4041 1148 4111 qui
