2574 4732
627 344 715 407 1518.
856 377 858 380 >
1137 347 1192 408 151

139 499 260 556 ridetur
281 499 311 556 id
325 487 403 570 juris
428 499 555 568 dogma,
582 498 681 568 legem
705 506 779 553 tuuc
805 497 938 568 firmari,
961 500 1080 572 quaudo
1106 510 1195 557 uten.

139 594 216 650 tium
234 593 371 649 moribus
390 592 588 664 approbatur.
946 654 949 664 Ι

196 684 385 756 Patarea,
412 701 504 759 quam
518 686 619 741 multra
639 684 806 741 decretales
824 684 943 756 priores
961 695 1109 744 correctae
1124 697 1196 745 suut

138 790 194 852 per
222 781 421 851 posteriores.
462 781 536 836 ldeo
555 774 591 845 ²)
618 788 649 835 et
669 777 747 832 banc
776 778 857 834 forte
886 794 944 849 pro
970 784 1114 853 tempore
1135 797 1194 840 suo

138 872 253 942 corrigi
276 888 375 944 posse.
428 871 662 929 Panormitauus
688 887 810 943 quoque
846 871 898 927 lib.
922 872 949 927 1·
976 873 1014 929 de
1039 873 1129 930 elect.
1156 876 1192 932 C.

139 949 332 1038 significasti,
360 967 514 1029 ostendit,
543 966 574 1023 in
594 967 720 1021 materia
740 964 806 1020 lidci
817 1004 828 1034 ,
854 980 916 1020 nou
936 966 1030 1022 modo
1054 969 1194 1037 generale

137 1059 303 1117 concilium
322 1076 389 1115 esse
416 1074 507 1132 super
525 1057 655 1130 Papam,
680 1059 734 1114 sed
758 1059 849 1115 etiam
867 1059 1034 1132 quemlibet
1055 1059 1193 1127 lidelem,

138 1154 165 1210 si
184 1152 360 1209 melioribus
374 1153 487 1209 nitatur
506 1152 667 1207 autoritate
687 1160 717 1206 et
737 1152 876 1221 ratione,
897 1167 987 1226 quam
1000 1153 1093 1224 Papa,
1112 1155 1189 1212 sicut

78 1282 86 1300 s
136 1247 236 1305 Poro
253 1245 365 1303 Pauus
382 1243 483 1302 111.
501 1244 541 1301 11.
562 1243 655 1319 Quos
677 1255 708 1300 et
727 1245 777 1301 nro
809 1249 834 1331 1<
851 1245 991 1302 coriam.
1009 1229 1092 1303 xlv.
1115 1265 1190 1304 cos.

137 1338 296 1397 firmatur:
325 1338 355 1394 si
375 1337 481 1408 suerit
505 1337 600 1394 atteri
620 1336 736 1394 sedenti
757 1355 811 1394 rev
828 1337 944 1409 1111111,
970 1341 1064 1412 prior·
1078 1349 1192 1401 taceat.

135 1433 211 1495 Ideo
228 1434 274 1491 aie
289 1449 398 1490 vocem
415 1433 500 1490 Petri
519 1449 586 1491 esse
606 1433 798 1501 audiendam,
829 1443 864 1489 nt
881 1442 981 1490 111111
1002 1435 1128 1493 liberior
1150 1436 1205 1506 sit·

136 1542 201 1583 vox
222 1525 308 1584 Pauli
326 1541 396 1582 eum
421 1527 648 1596 redarguentis:
678 1542 773 1598 porro
800 1527 935 1582 omnium
960 1517 1098 1601 superior
1124 1545 1187 1600 vos

139 1620 267 1677 Christi.
627 1619 629 1623 ’

203 1713 343 1770 Maxima
360 1729 437 1769 vero
460 1709 654 1773 laborabam,
672 1711 760 1784 quod
772 1713 876 1769 eadem
897 1713 1105 1788 Extravagans
1127 1734 1190 1773 ma.

135 1807 330 1864 uiiestieaime
348 1805 423 1862 mihi
444 1804 606 1877 apparebat
623 1804 696 1862 falsa
715 1807 850 1878 quedam
869 1808 1034 1865 continere.
1071 1809 1188 1881 Primo,

134 1902 218 1973 quod
246 1901 339 1966 dicit,
363 1899 469 1954 merita
499 1909 675 1954 sanctorum
704 1914 771 1954 esse
796 1898 992 1971 thesaurum,
1023 1917 1093 1957 curn
1125 1913 1187 1960 tota

131 1995 287 2064 Scriptura
309 1993 409 2060 dicat,
429 1991 532 2047 Deum
550 1992 627 2047 ultra
645 1992 827 2060 condignum
845 1994 1018 2065 praemiare,
1040 2005 1074 2053 ut
1095 1994 1186 2054 Rom.

130 2088 239 2144 Vlll.:
265 2103 327 2143 non
345 2093 416 2142 runt
441 2085 597 2161 mndiqnae
616 2084 777 2156 passiones
795 2083 890 2156 hujus
904 2091 1052 2155 temporo
1075 2095 1129 2146 eto.
1157 2100 1188 2147 et

129 2181 167 2239 B.
197 2181 384 2251 Augustinus
412 2180 464 2236 lib.
483 2179 509 2237 1.
528 2189 651 2237 retract.
675 2193 757 2235 xrx:
788 2188 851 2236 tota
875 2180 1015 2239 Ecclesia
1038 2184 1187 2256 usquein

131 2275 220 2331 finem
240 2275 344 2331 muudi
366 2285 454 2342 orat,
480 2273 598 2330 dimitte
619 2272 708 2330 uobis
733 2272 834 2329 debita
857 2284 971 2332 nostra.
1018 2276 1103 2347 Ergo
1123 2295 1186 2336 nen

132 2369 315 2443 auperlluore
332 2368 397 2426 aliia
415 2384 525 2441 posse,
550 2385 615 2441 quae
634 2383 691 2423 neo
711 2366 769 2422 sibi
790 2367 979 2446 sufficerent:
1004 2370 1073 2427 iude
1095 2371 1187 2441 virgi.

99 2504 103 2515 .
131 2480 184 2519 ues
208 2463 357 2535 rapientes
386 2464 549 2520 uoluerunt
578 2463 679 2518 oleum
709 2465 936 2520 communicare
963 2465 1185 2537 insipientibus.

129 2556 171 2613 Et
189 2557 225 2613 Β.
243 2555 429 2626 Augustinus
445 2556 498 2612 lib.
512 2557 567 2615 tx.
587 2557 830 2614 confessionum:
856 2575 902 2614 vas
919 2558 1079 2614 hominum
1097 2548 1184 2629 vitre,

130 2659 397 2722 quantumcunque
417 2648 580 2717 laudabili,
603 2651 629 2705 si
646 2661 765 2707 remota
785 2652 993 2707 misericordia
1006 2651 1183 2722 judicetur:

131 2753 162 2800 et
175 2744 339 2817 propheta:
356 2758 419 2798 non
431 2743 528 2798 intres
545 2742 738 2810 injudiciam
757 2759 825 2798 cum
843 2760 932 2800 servo
946 2750 1020 2812 tuo,
1037 2744 1112 2817 quio
1123 2759 1185 2799 non

122 2834 347 2908 justificatior
360 2836 394 2892 in
411 2842 569 2906 conspectu
582 2843 634 2892 tuo
650 2838 750 2892 omnib
768 2838 880 2893 vicens.
915 2837 989 2892 Ideo
1010 2837 1105 2893 sancti
1122 2852 1183 2895 111

130 2932 192 2988 atu'e
208 2931 342 3000 moritis,
367 2930 420 2986 sad
440 2931 505 2987 sola
526 2929 587 2986 Dei
608 2928 817 2987 misericordia
834 2929 908 2986 salvi
927 2929 1020 2996 11111,
1040 2939 1074 2987 ut
1095 2929 1184 2993 latius

131 3024 193 3086 dixi
213 3025 244 3080 iu
262 3022 511 3082 resolutionibus.

196 3117 264 3189 Ego
288 3135 363 3176 vero
389 3134 452 3174 noo
478 3132 561 3173 eram
584 3126 646 3174 tam
665 3115 772 3186 insigni
793 3117 982 3183 temeritate,
1003 3126 1037 3172 ut
1053 3125 1181 3191 propter

128 3224 218 3270 uuam
236 3213 420 3271 decretalem
439 3212 598 3272 Pontificis
615 3211 769 3280 hominis4
791 3220 852 3267 tant
877 3210 1044 3280 ambiguam
1065 3221 1096 3266 et
1126 3209 1183 3268 ob.

128 3314 269 3375 scuram,
287 3308 464 3362 recederem
484 3323 500 3360 a
521 3315 567 3363 tot
583 3317 613 3362 et
630 3306 720 3362 tantis
740 3304 847 3362 divinia
865 3300 1026 3378 Scripturas
1045 3305 1182 3371 testimo,

110 3394 186 3459 'ulia
210 3391 424 3474 apertissimis:
454 3402 526 3474 quin
550 3401 653 3473 potius
677 3399 845 3457 arbitrabar
873 3416 964 3475 quarn
991 3400 1179 3470 rectissime,

127 3494 221 3552 rerba
237 3495 419 3567 Scripturas,
441 3494 551 3567 quibus
569 3496 664 3551 111111
685 3493 899 3552 deacribuntur
919 3493 1048 3551 delicere
1064 3495 1095 3552 iu
1117 3511 1182 3551 me.
1216 3568 1218 3571 v
1258 3488 1266 3508 '

127 3590 216 3660 ritis,
242 3589 515 3662 incomparabiliter
543 3589 728 3662 praefe'reuda
755 3589 856 3646 verbis
882 3587 1044 3657 humanis,
1071 3589 1189 3662 quibust

129 3682 306 3739 scribuntur
329 3683 497 3739 abundare:
529 3700 598 3740 cum
616 3684 698 3757 Papa
715 3701 775 3741 ooo
795 3699 903 3756 super,
926 3684 979 3740 aed
1001 3682 1059 3740 sub
1081 3683 1177 3757 verbo

127 3778 189 3836 Dei
204 3777 261 3848 ait,
274 3778 363 3850 juxta
380 3777 452 3835 illud
473 3777 571 3837 Galat.
588 3779 629 3837 1.:
646 3777 675 3836 ai
694 3776 835 3856 Anqelur
852 3776 889 3834 de
906 3775 980 3834 coelo
995 3775 1084 3837 uliud
1097 3773 1178 3832 uobis

132 3939 654 3972 -n—-—----=0⁸⁰

178 4084 210 4131 al
238 4079 305 4133 leo.
322 4078 434 4138 toroque.
462 4066 474 4081 ’
