2574 4732
485 361 488 367 ,
568 328 657 394 1520.
1017 350 1024 363 ‘
1072 327 1135 397 tls

522 447 702 550 desum

54 681 57 689 ι
82 616 233 710 Salutem.
268 653 404 708 Remitto
430 651 532 706 literne
555 649 673 706 Decsni
700 649 769 717 tui,
795 650 963 722 adjunctis,
991 669 1065 726 quus
1091 669 1132 711 ex
1182 718 1186 726 Ι

82 748 276 816 Nurmbergs
299 746 411 816 accepi.
454 745 604 800 Adrianus
625 744 791 800 Matthaeus
810 760 867 815 pro
885 744 969 802 libris
983 747 1135 820 hebraicis

82 843 214 904 Doctori
236 840 361 896 Pesehae
385 838 628 908 Msgdeburgum
655 838 852 894 scribendum
882 849 994 894 censet.
1039 841 1133 916 Quod

83 937 136 990 ubi
157 945 189 989 tu
207 935 292 1006 prior
310 933 439 1000 leceris,
467 933 574 989 seciam
597 943 627 987 et
651 948 725 1001 ego,
750 942 840 1003 atque
858 931 888 987 id
907 931 987 989 cito:
1014 933 1078 1001 lec,
1099 945 1136 992 ut

84 1029 144 1084 liet.
179 1029 229 1082 De
249 1044 315 1083 men
334 1023 423 1082 cause
442 1027 559 1082 videro.

152 1121 255 1176 Allluit
273 1121 407 1192 quotidie
420 1119 592 1175 studentum
606 1136 765 1176 numerus:
785 1121 839 1177 sed
851 1137 913 1175 non
932 1121 1012 1191 capit
1028 1136 1135 1178 omues

84 1214 215 1288 civitatis
233 1214 407 1283 negastis,
444 1212 591 1285 multique
621 1224 773 1283 coguntur
805 1214 1016 1270 retrocedere.
1067 1213 1136 1271 Neu

83 1309 217 1364 Adriano
237 1323 414 1379 possumus,
434 1309 518 1379 quod
540 1306 655 1364 homini
675 1310 748 1364 satis
764 1309 823 1377 sit,
845 1308 1012 1380 hospitium
1033 1307 1138 1378 provi.
1176 1328 1181 1340 ·

84 1403 174 1458 dere:
193 1419 250 1456 nee
274 1401 345 1456 satis
372 1401 486 1471 placet,
519 1401 592 1456 elios
618 1403 739 1457 extrudi
769 1412 897 1474 propter
920 1418 1001 1471 eum,
1021 1402 1052 1456 iu
1070 1418 1134 1471 quo

83 1495 183 1552 lamen
206 1495 297 1566 coepit
318 1493 467 1551 laborare.
504 1493 575 1563 Tu,
595 1496 620 1550 si
644 1497 715 1564 quid
736 1497 765 1551 iu
792 1493 956 1550 honorem
981 1496 1139 1565 scripserit

83 1587 133 1643 vel
162 1589 256 1658 egerit
281 1587 400 1653 (voluit
424 1587 502 1642 enim
520 1587 585 1658 ipse
604 1599 735 1660 presens
755 1588 816 1643 illic
842 1589 964 1658 agere),
983 1605 1081 1645 meam
1106 1599 1139 1646 et

81 1680 211 1755 Pliilepl
234 1681 411 1737 sententiam
430 1689 529 1735 tenes:
548 1697 606 1736 nos
626 1698 688 1736 non
706 1693 927 1752 cooperaturos
942 1698 1042 1754 neque
1060 1699 1155 1754 con-¹

82 1762 243 1842 sensuros,
261 1783 295 1829 ut
311 1791 327 1828 e
346 1772 505 1845 questoris
525 1773 636 1841 domo,
656 1790 711 1828 seu
727 1773 816 1830 ullius
837 1775 959 1831 alterius
978 1776 1055 1831 ullus
1073 1786 1138 1832 tru.

83 1871 171 1925 detur
191 1868 323 1923 invitus:
349 1866 376 1921 si
399 1882 474 1920 vero
492 1864 702 1922 benevolentia
721 1868 835 1923 vellent
854 1868 982 1939 cedere,
1011 1870 1137 1929 libentes

84 1963 196 2017 erimus
214 1962 300 2030 grati.

152 2054 181 2109 Sl
209 2066 298 2126 potes
329 2070 508 2126 responsum
541 2053 679 2110 obtinere
704 2071 761 2124 pro
787 2056 888 2111 vidua·
906 2066 1010 2113 nostra
1038 2057 1140 2115 Lend-

83 2150 222 2212 meonin‚
242 2148 307 2203 sive
322 2150 508 2218 negativum,
530 2149 594 2203 sive
610 2148 827 2219 affirmativum,
848 2149 980 2207 obsecro
995 2152 1043 2206 fac
1061 2154 1135 2209 cito.

84 2242 281 2315 Deprehendi
298 2244 379 2299 enim
397 2244 426 2298 in
447 2258 537 2298 causa
552 2242 702 2314 quoddam
718 2243 892 2312 leviculum,
908 2246 961 2300 sed
984 2246 1066 2317 quod
1086 2263 1137 2301 me

83 2353 178 2407 prope
197 2337 286 2392 faciat
305 2337 450 2408 poenitere
469 2353 568 2409 operte
587 2336 740 2394 insumtae:
759 2336 800 2392 its
818 2338 997 2394 intricentur
1019 2348 1048 2394 et
1068 2357 1137 2412 per.

83 2431 255 2500 plectuntur
276 2431 368 2490 hodie
399 2431 510 2488 omnia.
546 2432 688 2502 Denique
713 2432 775 2501 egi,
806 2441 861 2500 ut,
881 2433 907 2489 si
938 2449 1000 2488 non
1034 2435 1137 2488 omniu

84 2532 211 2591 possunt
231 2524 267 2577 nd
287 2524 405 2579 libitum
427 2526 554 2588 cedere,
575 2526 686 2582 sineret
704 2526 767 2593 ire,
786 2527 867 2594 quod
887 2527 931 2583 ire
948 2535 1062 2596 potest,
1085 2542 1157 2581 cm·

86 2614 178 2681 dere,
197 2618 290 2683 'quod
322 2617 423 2671 cadit:
461 2632 527 2672 esse
555 2633 661 2687 pacem
691 2617 850 2672 meliorem
883 2633 973 2688 quum
997 2617 1136 2682 bellum

85 2707 209 2771 neseio,
229 2722 266 2759 sn
285 2708 479 2778 profecerim.
515 2707 587 2762 Vale
605 2709 635 2763 in
653 2710 799 2765 Domino.

101 2801 104 2807 '
153 2798 203 2853 Ex
233 2798 425 2867 Numnbergn
453 2799 650 2869 Stsupitiunns
682 2802 785 2856 literas
819 2803 945 2874 accepi,
982 2803 1137 2864 laudantes

85 2893 224 2962 tandem,
245 2908 281 2947 ac
298 2892 413 2948 firmius
431 2900 584 2963 sperantes
602 2893 633 2970 in
652 2910 740 2951 cuuse
758 2910 825 2950 men
839 2935 850 2964 ,
866 2911 956 2966 quam
983 2906 1068 2952 antee
1086 2914 1137 2956 so·

84 2989 156 3045 litus
176 3004 243 3042 sum
266 2987 377 3043 audire.
414 2984 613 3042 Wencesleus
638 2989 684 3044 sic
706 2988 825 3046 scribit:
853 2989 1050 3055 Doctrinnles
1067 2993 1136 3050 Asi.

85 3098 142 3138 nos
163 3080 334 3151 accepimus
349 3077 384 3146 l)
396 3119 406 3148 ‚
435 3089 466 3135 et
488 3078 566 3134 bene
590 3091 701 3153 sperata
735 3082 782 3139 Its
807 3084 931 3139 fluctuet
951 3084 1036 3142 navis
1057 3103 1137 3160 mes,

63 3194 165 3233 nunc
184 3189 273 3248 spes,
300 3192 381 3230 nunc
398 3177 491 3232 timor
508 3186 634 3244 regnat:
657 3178 711 3232 sed
732 3194 798 3233 mes
814 3178 889 3234 nihil
914 3180 1017 3237 refert.
1054 3181 1135 3240 Wit-

87 3270 263 3340 tembergae,
283 3270 415 3327 calendis
432 3268 527 3341 Muli,
549 3286 627 3327 nuno
645 3271 785 3330 MDXX.

635 3363 789 3426 Martinus
805 3366 978 3438 Luthems.
1002 3371 1135 3446 August,

138 3620 171 3671 ⁸)
198 3617 245 3668 vlt
263 3620 438 3669 condemnatio
453 3621 604 3670 doctrinalis.
