<?xml version="1.0" encoding="UTF-8"?>
<!DOCTYPE html PUBLIC "-//W3C//DTD XHTML 1.0 Transitional//EN"
    "http://www.w3.org/TR/xhtml1/DTD/xhtml1-transitional.dtd">
<html xmlns="http://www.w3.org/1999/xhtml" xml:lang="en" lang="en">
 <head>
  <title>
</title>
<meta http-equiv="Content-Type" content="text/html;charset=utf-8" />
  <meta name='ocr-system' content='tesseract 3.04.00' />
  <meta name='ocr-capabilities' content='ocr_page ocr_carea ocr_par ocr_line ocrx_word'/>
</head>
<body>
  <div class='ocr_page' id='page_1' title='image "./briefesendschre04luthgoog_0506.png"; bbox 0 0 2574 4732; ppageno 0'>
   <div class='ocr_carea' id='block_1_1' title="bbox 538 292 1209 376">
    <p class='ocr_par' dir='ltr' id='par_1_1' title="bbox 538 292 1209 376">
     <span class='ocr_line' id='line_1_1' title="bbox 538 292 1209 376; baseline -0.004 -13"><span class='ocrx_word' id='word_1_1' title='bbox 538 292 631 364; x_wconf 68' lang='lat' dir='ltr'>tuno.</span> <span class='ocrx_word' id='word_1_2' title='bbox 1046 296 1112 376; x_wconf 65' lang='lat' dir='ltr'>ld?</span> <span class='ocrx_word' id='word_1_3' title='bbox 1154 337 1157 345; x_wconf 46' lang='grc' dir='ltr'><em>ι</em></span> <span class='ocrx_word' id='word_1_4' title='bbox 1199 315 1209 365; x_wconf 53' lang='grc' dir='ltr'><em>μ</em></span> 
     </span>
    </p>
   </div>
   <div class='ocr_carea' id='block_1_2' title="bbox 11 443 1112 630">
    <p class='ocr_par' dir='ltr' id='par_1_2' title="bbox 11 443 1112 630">
     <span class='ocr_line' id='line_1_2' title="bbox 11 443 1112 534; baseline -0.004 -15"><span class='ocrx_word' id='word_1_5' title='bbox 11 443 17 461; x_wconf 62' lang='grc'><strong>’</strong></span> <span class='ocrx_word' id='word_1_6' title='bbox 55 448 188 523; x_wconf 69' lang='lat' dir='ltr'>Erudito</span> <span class='ocrx_word' id='word_1_7' title='bbox 202 459 318 519; x_wconf 77' lang='lat' dir='ltr'>eibono</span> <span class='ocrx_word' id='word_1_8' title='bbox 336 459 433 529; x_wconf 78' lang='lat' dir='ltr'>Viro,</span> <span class='ocrx_word' id='word_1_9' title='bbox 453 443 616 534; x_wconf 78' lang='lat' dir='ltr'>anistro</span> <span class='ocrx_word' id='word_1_10' title='bbox 631 458 766 533; x_wconf 78' lang='lat' dir='ltr'>Georqio</span> <span class='ocrx_word' id='word_1_11' title='bbox 777 448 955 528; x_wconf 60' lang='lat' dir='ltr'>Spoletium</span> <span class='ocrx_word' id='word_1_12' title='bbox 976 478 998 519; x_wconf 82' lang='lat' dir='ltr'>u</span> <span class='ocrx_word' id='word_1_13' title='bbox 1009 467 1112 523; x_wconf 76' lang='lat' dir='ltr'>sacris</span> 
     </span>
     <span class='ocr_line' id='line_1_3' title="bbox 242 553 920 630; baseline -0.003 -16"><span class='ocrx_word' id='word_1_14' title='bbox 242 553 482 630; x_wconf 77' lang='lat' dir='ltr'>principalibus,</span> <span class='ocrx_word' id='word_1_15' title='bbox 506 570 561 610; x_wconf 84' lang='lat' dir='ltr'>suo</span> <span class='ocrx_word' id='word_1_16' title='bbox 579 555 611 609; x_wconf 82' lang='lat' dir='ltr'>in</span> <span class='ocrx_word' id='word_1_17' title='bbox 633 553 764 610; x_wconf 83' lang='lat' dir='ltr'>Domino</span> <span class='ocrx_word' id='word_1_18' title='bbox 780 555 920 624; x_wconf 78' lang='lat' dir='ltr'>MoJori.</span> 
     </span>
    </p>
   </div>
   <div class='ocr_carea' id='block_1_3' title="bbox 514 703 665 761">
    <p class='ocr_par' dir='ltr' id='par_1_3' title="bbox 514 703 665 761">
     <span class='ocr_line' id='line_1_4' title="bbox 514 703 665 761; baseline 0.007 -3"><span class='ocrx_word' id='word_1_19' title='bbox 514 703 665 761; x_wconf 78' lang='lat' dir='ltr'>Jesus</span> 
     </span>
    </p>
   </div>
   <div class='ocr_carea' id='block_1_4' title="bbox 54 836 1178 3477">
    <p class='ocr_par' dir='ltr' id='par_1_4' title="bbox 55 836 1168 2163">
     <span class='ocr_line' id='line_1_5' title="bbox 56 836 1113 937; baseline -0.002 -8"><span class='ocrx_word' id='word_1_20' title='bbox 56 836 208 929; x_wconf 81' lang='lat' dir='ltr'>Salutem.</span> <span class='ocrx_word' id='word_1_21' title='bbox 254 870 395 927; x_wconf 79' lang='lat' dir='ltr'>Obsecro</span> <span class='ocrx_word' id='word_1_22' title='bbox 432 880 487 934; x_wconf 88' lang='lat' dir='ltr'>te,</span> <span class='ocrx_word' id='word_1_23' title='bbox 513 867 537 923; x_wconf 93' lang='lat' dir='ltr'>si</span> <span class='ocrx_word' id='word_1_24' title='bbox 566 867 636 937; x_wconf 90' lang='lat' dir='ltr'>qaid</span> <span class='ocrx_word' id='word_1_25' title='bbox 663 865 746 922; x_wconf 85' lang='lat' dir='ltr'>vales</span> <span class='ocrx_word' id='word_1_26' title='bbox 776 867 853 937; x_wconf 89' lang='lat' dir='ltr'>apud</span> <span class='ocrx_word' id='word_1_27' title='bbox 878 866 1113 932; x_wconf 82' lang='lat' dir='ltr'>illustrissimum</span> 
     </span>
     <span class='ocr_line' id='line_1_6' title="bbox 55 957 1168 1038; baseline -0.001 -14"><span class='ocrx_word' id='word_1_28' title='bbox 55 957 255 1038; x_wconf 83' lang='lat' dir='ltr'><strong>Principem,</strong></span> <span class='ocrx_word' id='word_1_29' title='bbox 285 965 325 1017; x_wconf 92' lang='lat' dir='ltr'>mi</span> <span class='ocrx_word' id='word_1_30' title='bbox 347 963 512 1032; x_wconf 84' lang='lat' dir='ltr'>Spalatine,</span> <span class='ocrx_word' id='word_1_31' title='bbox 549 977 622 1029; x_wconf 79' lang='lat' dir='ltr'>age,</span> <span class='ocrx_word' id='word_1_32' title='bbox 652 971 685 1015; x_wconf 92' lang='lat' dir='ltr'>ut</span> <span class='ocrx_word' id='word_1_33' title='bbox 712 961 860 1032; x_wconf 77' lang='lat' dir='ltr'>Princeps</span> <span class='ocrx_word' id='word_1_34' title='bbox 884 965 1057 1020; x_wconf 65' lang='lat' dir='ltr'>durissima&lt;</span> <span class='ocrx_word' id='word_1_35' title='bbox 1082 979 1114 1025; x_wconf 82' lang='lat' dir='ltr'>et</span> <span class='ocrx_word' id='word_1_36' title='bbox 1166 1029 1168 1033; x_wconf 22' lang='lat'><strong><em>¹</em></strong></span> 
     </span>
     <span class='ocr_line' id='line_1_7' title="bbox 58 1055 1113 1119; baseline -0.003 -2"><span class='ocrx_word' id='word_1_37' title='bbox 58 1061 267 1117; x_wconf 81' lang='lat' dir='ltr'>acerbissimas</span> <span class='ocrx_word' id='word_1_38' title='bbox 286 1058 412 1113; x_wconf 79' lang='lat' dir='ltr'>Rectoii</span> <span class='ocrx_word' id='word_1_39' title='bbox 435 1072 542 1110; x_wconf 85' lang='lat' dir='ltr'>nostro</span> <span class='ocrx_word' id='word_1_40' title='bbox 562 1058 594 1119; x_wconf 70' lang='lat'>⁵)</span> <span class='ocrx_word' id='word_1_41' title='bbox 621 1056 735 1110; x_wconf 83' lang='lat' dir='ltr'>scribat</span> <span class='ocrx_word' id='word_1_42' title='bbox 757 1057 868 1109; x_wconf 84' lang='lat' dir='ltr'>literas.</span> <span class='ocrx_word' id='word_1_43' title='bbox 904 1055 933 1109; x_wconf 90' lang='lat' dir='ltr'>Is</span> <span class='ocrx_word' id='word_1_44' title='bbox 954 1058 1031 1111; x_wconf 80' lang='lat' dir='ltr'>enim</span> <span class='ocrx_word' id='word_1_45' title='bbox 1053 1070 1113 1119; x_wconf 69' lang='lat' dir='ltr'>orac</span> 
     </span>
     <span class='ocr_line' id='line_1_8' title="bbox 57 1142 1146 1223; baseline -0.001 -12"><span class='ocrx_word' id='word_1_46' title='bbox 57 1156 163 1223; x_wconf 79' lang='lat' dir='ltr'>insigni</span> <span class='ocrx_word' id='word_1_47' title='bbox 189 1153 315 1207; x_wconf 87' lang='lat' dir='ltr'>amentia</span> <span class='ocrx_word' id='word_1_48' title='bbox 350 1168 402 1205; x_wconf 84' lang='lat' dir='ltr'>sua</span> <span class='ocrx_word' id='word_1_49' title='bbox 428 1150 493 1204; x_wconf 90' lang='lat' dir='ltr'>heri</span> <span class='ocrx_word' id='word_1_50' title='bbox 516 1165 622 1203; x_wconf 88' lang='lat' dir='ltr'>omnes</span> <span class='ocrx_word' id='word_1_51' title='bbox 641 1165 697 1202; x_wconf 89' lang='lat' dir='ltr'>nos</span> <span class='ocrx_word' id='word_1_52' title='bbox 719 1164 800 1219; x_wconf 81' lang='lat' dir='ltr'>paene</span> <span class='ocrx_word' id='word_1_53' title='bbox 823 1150 894 1203; x_wconf 73' lang='lat' dir='ltr'>cedi</span> <span class='ocrx_word' id='word_1_54' title='bbox 919 1162 946 1203; x_wconf 87' lang='lat' dir='ltr'>et</span> <span class='ocrx_word' id='word_1_55' title='bbox 978 1156 1112 1216; x_wconf 59' lang='lat' dir='ltr'>sanguini</span> <span class='ocrx_word' id='word_1_56' title='bbox 1142 1142 1146 1149; x_wconf 53' lang='grc'><strong>’</strong></span> 
     </span>
     <span class='ocr_line' id='line_1_9' title="bbox 57 1243 1112 1323; baseline -0.003 -19"><span class='ocrx_word' id='word_1_57' title='bbox 57 1248 252 1314; x_wconf 86' lang='lat' dir='ltr'>involvisset,</span> <span class='ocrx_word' id='word_1_58' title='bbox 271 1245 364 1300; x_wconf 86' lang='lat' dir='ltr'>homo</span> <span class='ocrx_word' id='word_1_59' title='bbox 382 1245 517 1308; x_wconf 66' lang='lat' dir='ltr'>insanus,</span> <span class='ocrx_word' id='word_1_60' title='bbox 537 1243 694 1296; x_wconf 84' lang='lat' dir='ltr'>concitans</span> <span class='ocrx_word' id='word_1_61' title='bbox 713 1244 876 1297; x_wconf 83' lang='lat' dir='ltr'>seditiones</span> <span class='ocrx_word' id='word_1_62' title='bbox 894 1245 973 1312; x_wconf 80' lang='lat' dir='ltr'>vulgi</span> <span class='ocrx_word' id='word_1_63' title='bbox 990 1250 1112 1323; x_wconf 60' lang='lat' dir='ltr'>studeri.</span> 
     </span>
     <span class='ocr_line' id='line_1_10' title="bbox 57 1330 1113 1410; baseline -0.002 -13"><span class='ocrx_word' id='word_1_64' title='bbox 57 1350 122 1398; x_wconf 86' lang='lat' dir='ltr'>tum</span> <span class='ocrx_word' id='word_1_65' title='bbox 140 1342 283 1395; x_wconf 86' lang='lat' dir='ltr'>adversas</span> <span class='ocrx_word' id='word_1_66' title='bbox 305 1350 440 1392; x_wconf 85' lang='lat' dir='ltr'>senatum</span> <span class='ocrx_word' id='word_1_67' title='bbox 461 1351 489 1392; x_wconf 90' lang='lat' dir='ltr'>et</span> <span class='ocrx_word' id='word_1_68' title='bbox 511 1336 667 1392; x_wconf 84' lang='lat' dir='ltr'>innoxium</span> <span class='ocrx_word' id='word_1_69' title='bbox 689 1337 851 1407; x_wconf 83' lang='lat' dir='ltr'>populum,</span> <span class='ocrx_word' id='word_1_70' title='bbox 880 1355 953 1408; x_wconf 64' lang='lat' dir='ltr'>(liras</span> <span class='ocrx_word' id='word_1_71' title='bbox 974 1330 1113 1410; x_wconf 59' lang='lat' dir='ltr'>cornpes&#39;.</span> 
     </span>
     <span class='ocr_line' id='line_1_11' title="bbox 59 1429 1115 1496; baseline 0 -5"><span class='ocrx_word' id='word_1_72' title='bbox 59 1450 129 1492; x_wconf 85' lang='lat' dir='ltr'>cere</span> <span class='ocrx_word' id='word_1_73' title='bbox 149 1433 253 1489; x_wconf 85' lang='lat' dir='ltr'>debuit</span> <span class='ocrx_word' id='word_1_74' title='bbox 302 1432 473 1487; x_wconf 73' lang='lat' dir='ltr'>intereram</span> <span class='ocrx_word' id='word_1_75' title='bbox 493 1431 642 1496; x_wconf 87' lang='lat' dir='ltr'>concilio,</span> <span class='ocrx_word' id='word_1_76' title='bbox 670 1429 721 1484; x_wconf 92' lang='lat' dir='ltr'>ubi</span> <span class='ocrx_word' id='word_1_77' title='bbox 745 1431 930 1486; x_wconf 74' lang='lat' dir='ltr'>insaniebant</span> <span class='ocrx_word' id='word_1_78' title='bbox 949 1447 1016 1487; x_wconf 88' lang='lat' dir='ltr'>toto</span> <span class='ocrx_word' id='word_1_79' title='bbox 1036 1435 1115 1491; x_wconf 64' lang='lat' dir='ltr'>Bam</span> 
     </span>
     <span class='ocr_line' id='line_1_12' title="bbox 58 1525 1113 1594; baseline 0 -8"><span class='ocrx_word' id='word_1_80' title='bbox 58 1531 141 1586; x_wconf 86' lang='lat' dir='ltr'>cho:</span> <span class='ocrx_word' id='word_1_81' title='bbox 181 1529 254 1583; x_wconf 86' lang='lat' dir='ltr'>nihil</span> <span class='ocrx_word' id='word_1_82' title='bbox 297 1527 476 1593; x_wconf 79' lang='lat' dir='ltr'>dicebatur,</span> <span class='ocrx_word' id='word_1_83' title='bbox 512 1526 568 1580; x_wconf 89' lang='lat' dir='ltr'>nisi</span> <span class='ocrx_word' id='word_1_84' title='bbox 597 1525 678 1594; x_wconf 82' lang='lat' dir='ltr'>quod</span> <span class='ocrx_word' id='word_1_85' title='bbox 709 1525 853 1579; x_wconf 82' lang='lat' dir='ltr'>ferociam</span> <span class='ocrx_word' id='word_1_86' title='bbox 886 1527 1113 1586; x_wconf 73' lang='lat' dir='ltr'>adolescentum</span> 
     </span>
     <span class='ocr_line' id='line_1_13' title="bbox 57 1619 1113 1693; baseline 0 -14"><span class='ocrx_word' id='word_1_87' title='bbox 57 1625 153 1693; x_wconf 76' lang='lat' dir='ltr'>magis</span> <span class='ocrx_word' id='word_1_88' title='bbox 173 1624 362 1678; x_wconf 83' lang='lat' dir='ltr'>accenderet.</span> <span class='ocrx_word' id='word_1_89' title='bbox 398 1620 466 1675; x_wconf 84' lang='lat' dir='ltr'>Urit</span> <span class='ocrx_word' id='word_1_90' title='bbox 487 1635 536 1673; x_wconf 86' lang='lat' dir='ltr'>me</span> <span class='ocrx_word' id='word_1_91' title='bbox 557 1619 613 1673; x_wconf 88' lang='lat' dir='ltr'>ista</span> <span class='ocrx_word' id='word_1_92' title='bbox 632 1620 773 1673; x_wconf 82' lang='lat' dir='ltr'>confusio</span> <span class='ocrx_word' id='word_1_93' title='bbox 799 1623 967 1676; x_wconf 77' lang='lat' dir='ltr'>Academiae</span> <span class='ocrx_word' id='word_1_94' title='bbox 990 1635 1113 1693; x_wconf 80' lang='lat' dir='ltr'>nostrae,-</span> 
     </span>
     <span class='ocr_line' id='line_1_14' title="bbox 59 1711 1114 1791; baseline -0.002 -18"><span class='ocrx_word' id='word_1_95' title='bbox 59 1735 124 1791; x_wconf 79' lang='lat' dir='ltr'>quae</span> <span class='ocrx_word' id='word_1_96' title='bbox 155 1717 321 1788; x_wconf 90' lang='lat' dir='ltr'>opprobrio</span> <span class='ocrx_word' id='word_1_97' title='bbox 352 1716 472 1770; x_wconf 82' lang='lat' dir='ltr'>tandem</span> <span class='ocrx_word' id='word_1_98' title='bbox 509 1724 657 1769; x_wconf 81' lang='lat' dir='ltr'>vertetur.</span> <span class='ocrx_word' id='word_1_99' title='bbox 701 1711 743 1766; x_wconf 87' lang='lat' dir='ltr'>D.</span> <span class='ocrx_word' id='word_1_100' title='bbox 779 1711 890 1768; x_wconf 86' lang='lat' dir='ltr'>Petrus</span> <span class='ocrx_word' id='word_1_101' title='bbox 921 1715 1054 1787; x_wconf 88' lang='lat' dir='ltr'>Lupinus</span> <span class='ocrx_word' id='word_1_102' title='bbox 1074 1722 1114 1790; x_wconf 79' lang='lat'>⁸)·</span> 
     </span>
     <span class='ocr_line' id='line_1_15' title="bbox 58 1808 1111 1885; baseline -0.001 -16"><span class='ocrx_word' id='word_1_103' title='bbox 58 1814 172 1885; x_wconf 90' lang='lat' dir='ltr'>optime</span> <span class='ocrx_word' id='word_1_104' title='bbox 195 1813 315 1867; x_wconf 85' lang='lat' dir='ltr'>locutus</span> <span class='ocrx_word' id='word_1_105' title='bbox 341 1811 485 1864; x_wconf 83' lang='lat' dir='ltr'>adversus</span> <span class='ocrx_word' id='word_1_106' title='bbox 508 1808 705 1873; x_wconf 80' lang='lat' dir='ltr'>seditionem,</span> <span class='ocrx_word' id='word_1_107' title='bbox 730 1808 769 1860; x_wconf 87' lang='lat' dir='ltr'>ita</span> <span class='ocrx_word' id='word_1_108' title='bbox 796 1823 938 1880; x_wconf 85' lang='lat' dir='ltr'>acceptas</span> <span class='ocrx_word' id='word_1_109' title='bbox 959 1823 1006 1864; x_wconf 84' lang='lat' dir='ltr'>est</span> <span class='ocrx_word' id='word_1_110' title='bbox 1030 1829 1044 1865; x_wconf 83' lang='lat' dir='ltr'>a</span> <span class='ocrx_word' id='word_1_111' title='bbox 1068 1812 1111 1869; x_wconf 90' lang='lat' dir='ltr'>D.</span> 
     </span>
     <span class='ocr_line' id='line_1_16' title="bbox 57 1901 1114 1978; baseline 0 -16"><span class='ocrx_word' id='word_1_112' title='bbox 57 1907 179 1963; x_wconf 88' lang='lat' dir='ltr'>Thoma</span> <span class='ocrx_word' id='word_1_113' title='bbox 199 1903 436 1967; x_wconf 86' lang='lat' dir='ltr'>Eschhanesen‚</span> <span class='ocrx_word' id='word_1_114' title='bbox 463 1908 497 1955; x_wconf 90' lang='lat' dir='ltr'>ut</span> <span class='ocrx_word' id='word_1_115' title='bbox 525 1912 580 1969; x_wconf 79' lang='lat' dir='ltr'>ego</span> <span class='ocrx_word' id='word_1_116' title='bbox 606 1901 707 1954; x_wconf 86' lang='lat' dir='ltr'>statim</span> <span class='ocrx_word' id='word_1_117' title='bbox 736 1917 892 1969; x_wconf 76' lang='lat' dir='ltr'>surgerem</span> <span class='ocrx_word' id='word_1_118' title='bbox 924 1908 953 1957; x_wconf 85' lang='lat' dir='ltr'>et</span> <span class='ocrx_word' id='word_1_119' title='bbox 978 1906 1114 1978; x_wconf 85' lang='lat' dir='ltr'>abirem,-</span> 
     </span>
     <span class='ocr_line' id='line_1_17' title="bbox 57 1984 1111 2075; baseline 0.003 -21"><span class='ocrx_word' id='word_1_120' title='bbox 57 1998 192 2055; x_wconf 85' lang='lat' dir='ltr'>Satanam</span> <span class='ocrx_word' id='word_1_121' title='bbox 214 1998 318 2053; x_wconf 85' lang='lat' dir='ltr'>videns</span> <span class='ocrx_word' id='word_1_122' title='bbox 340 1997 412 2051; x_wconf 87' lang='lat' dir='ltr'>huic</span> <span class='ocrx_word' id='word_1_123' title='bbox 434 2011 562 2066; x_wconf 83' lang='lat' dir='ltr'>praeesse</span> <span class='ocrx_word' id='word_1_124' title='bbox 586 1993 745 2075; x_wconf 63' lang='lat' dir='ltr'>concilio.v</span> <span class='ocrx_word' id='word_1_125' title='bbox 772 1993 914 2065; x_wconf 87' lang='lat' dir='ltr'>Denique</span> <span class='ocrx_word' id='word_1_126' title='bbox 933 1984 1111 2057; x_wconf 70' lang='lat' dir='ltr'>arma‘lerri</span> 
     </span>
     <span class='ocr_line' id='line_1_18' title="bbox 57 2088 1111 2163; baseline 0.002 -15"><span class='ocrx_word' id='word_1_127' title='bbox 57 2090 300 2149; x_wconf 73' lang='lat' dir='ltr'>adolescentibus</span> <span class='ocrx_word' id='word_1_128' title='bbox 329 2089 503 2163; x_wconf 79' lang='lat' dir='ltr'>permisisse</span> <span class='ocrx_word' id='word_1_129' title='bbox 534 2088 645 2144; x_wconf 84' lang='lat' dir='ltr'>dicitur</span> <span class='ocrx_word' id='word_1_130' title='bbox 660 2112 673 2155; x_wconf 91' lang='lat'>,·</span> <span class='ocrx_word' id='word_1_131' title='bbox 708 2096 816 2142; x_wconf 85' lang='lat' dir='ltr'>contra</span> <span class='ocrx_word' id='word_1_132' title='bbox 848 2088 997 2163; x_wconf 87' lang='lat' dir='ltr'>Principis</span> <span class='ocrx_word' id='word_1_133' title='bbox 1027 2112 1111 2151; x_wconf 80' lang='lat' dir='ltr'>maa.</span> 
     </span>
    </p>

    <p class='ocr_par' dir='ltr' id='par_1_5' title="bbox 54 2188 1178 3477">
     <span class='ocr_line' id='line_1_19' title="bbox 58 2188 1024 2267; baseline -0.003 -23"><span class='ocrx_word' id='word_1_134' title='bbox 58 2188 172 2244; x_wconf 85' lang='lat' dir='ltr'>datum.</span> <span class='ocrx_word' id='word_1_135' title='bbox 1019 2256 1024 2267; x_wconf 28' lang='grc' dir='ltr'>ι</span> 
     </span>
     <span class='ocr_line' id='line_1_20' title="bbox 123 2275 1178 2352; baseline 0 -16"><span class='ocrx_word' id='word_1_136' title='bbox 123 2278 257 2352; x_wconf 81' lang='lat' dir='ltr'>Expedit</span> <span class='ocrx_word' id='word_1_137' title='bbox 273 2279 391 2335; x_wconf 88' lang='lat' dir='ltr'>minore</span> <span class='ocrx_word' id='word_1_138' title='bbox 409 2293 537 2334; x_wconf 87' lang='lat' dir='ltr'>numero</span> <span class='ocrx_word' id='word_1_139' title='bbox 558 2276 611 2332; x_wconf 82' lang='lat' dir='ltr'>hic</span> <span class='ocrx_word' id='word_1_140' title='bbox 628 2275 762 2343; x_wconf 84' lang='lat' dir='ltr'>studeri,</span> <span class='ocrx_word' id='word_1_141' title='bbox 780 2294 870 2350; x_wconf 89' lang='lat' dir='ltr'>quam</span> <span class='ocrx_word' id='word_1_142' title='bbox 889 2279 937 2336; x_wconf 85' lang='lat' dir='ltr'>his</span> <span class='ocrx_word' id='word_1_143' title='bbox 957 2283 1112 2343; x_wconf 76' lang='lat' dir='ltr'>seditioni.</span> <span class='ocrx_word' id='word_1_144' title='bbox 1175 2326 1178 2331; x_wconf 89' lang='lat'>.</span> 
     </span>
     <span class='ocr_line' id='line_1_21' title="bbox 54 2361 1109 2450; baseline -0.003 -18"><span class='ocrx_word' id='word_1_145' title='bbox 54 2361 113 2432; x_wconf 86' lang='lat' dir='ltr'>bus</span> <span class='ocrx_word' id='word_1_146' title='bbox 132 2386 247 2450; x_wconf 60' lang='lat' dir='ltr'>pateres</span> <span class='ocrx_word' id='word_1_147' title='bbox 289 2372 451 2449; x_wconf 83' lang='lat' dir='ltr'>Quotquot</span> <span class='ocrx_word' id='word_1_148' title='bbox 472 2372 544 2428; x_wconf 85' lang='lat' dir='ltr'>boni</span> <span class='ocrx_word' id='word_1_149' title='bbox 570 2382 658 2436; x_wconf 86' lang='lat' dir='ltr'>sunt,</span> <span class='ocrx_word' id='word_1_150' title='bbox 687 2371 827 2428; x_wconf 88' lang='lat' dir='ltr'>damnant</span> <span class='ocrx_word' id='word_1_151' title='bbox 854 2380 932 2430; x_wconf 82' lang='lat' dir='ltr'>lianc</span> <span class='ocrx_word' id='word_1_152' title='bbox 954 2378 1109 2449; x_wconf 74' lang='lat' dir='ltr'>insaniam.</span> 
     </span>
     <span class='ocr_line' id='line_1_22' title="bbox 57 2465 1113 2541; baseline 0.005 -18"><span class='ocrx_word' id='word_1_153' title='bbox 57 2469 132 2523; x_wconf 83' lang='lat' dir='ltr'>Cras</span> <span class='ocrx_word' id='word_1_154' title='bbox 160 2478 192 2524; x_wconf 85' lang='lat' dir='ltr'>et</span> <span class='ocrx_word' id='word_1_155' title='bbox 220 2469 250 2522; x_wconf 88' lang='lat' dir='ltr'>in</span> <span class='ocrx_word' id='word_1_156' title='bbox 280 2467 429 2523; x_wconf 89' lang='lat' dir='ltr'>concione</span> <span class='ocrx_word' id='word_1_157' title='bbox 460 2470 584 2537; x_wconf 87' lang='lat' dir='ltr'>operam</span> <span class='ocrx_word' id='word_1_158' title='bbox 615 2465 716 2535; x_wconf 85' lang='lat' dir='ltr'>dabo,</span> <span class='ocrx_word' id='word_1_159' title='bbox 748 2467 772 2521; x_wconf 85' lang='lat' dir='ltr'>si</span> <span class='ocrx_word' id='word_1_160' title='bbox 805 2469 876 2539; x_wconf 90' lang='lat' dir='ltr'>quid</span> <span class='ocrx_word' id='word_1_161' title='bbox 913 2478 1113 2541; x_wconf 69' lang='lat' dir='ltr'>compescere</span> 
     </span>
     <span class='ocr_line' id='line_1_23' title="bbox 56 2554 1114 2633; baseline 0.003 -18"><span class='ocrx_word' id='word_1_162' title='bbox 56 2575 185 2633; x_wconf 85' lang='lat' dir='ltr'>queam,</span> <span class='ocrx_word' id='word_1_163' title='bbox 203 2560 274 2615; x_wconf 88' lang='lat' dir='ltr'>Deo</span> <span class='ocrx_word' id='word_1_164' title='bbox 293 2561 435 2631; x_wconf 89' lang='lat' dir='ltr'>propitio.</span> <span class='ocrx_word' id='word_1_165' title='bbox 461 2560 546 2614; x_wconf 89' lang='lat' dir='ltr'>Nihil</span> <span class='ocrx_word' id='word_1_166' title='bbox 563 2574 669 2612; x_wconf 82' lang='lat' dir='ltr'>eorum</span> <span class='ocrx_word' id='word_1_167' title='bbox 685 2568 731 2614; x_wconf 88' lang='lat' dir='ltr'>est</span> <span class='ocrx_word' id='word_1_168' title='bbox 750 2554 922 2626; x_wconf 82' lang='lat' dir='ltr'>seivatum,</span> <span class='ocrx_word' id='word_1_169' title='bbox 944 2576 1008 2632; x_wconf 83' lang='lat' dir='ltr'>quae</span> <span class='ocrx_word' id='word_1_170' title='bbox 1024 2565 1114 2618; x_wconf 63' lang='grc' dir='ltr'><strong><em>Νη.-</em></strong></span> 
     </span>
     <span class='ocr_line' id='line_1_24' title="bbox 56 2649 1108 2723; baseline 0.008 -19"><span class='ocrx_word' id='word_1_171' title='bbox 56 2667 130 2723; x_wconf 86' lang='lat' dir='ltr'>ceps</span> <span class='ocrx_word' id='word_1_172' title='bbox 151 2651 314 2707; x_wconf 86' lang='lat' dir='ltr'>novissime</span> <span class='ocrx_word' id='word_1_173' title='bbox 333 2652 484 2706; x_wconf 83' lang='lat' dir='ltr'>decrevit:</span> <span class='ocrx_word' id='word_1_174' title='bbox 503 2663 590 2704; x_wconf 82' lang='lat' dir='ltr'>senes</span> <span class='ocrx_word' id='word_1_175' title='bbox 611 2649 733 2705; x_wconf 79' lang='lat' dir='ltr'>fuerunt</span> <span class='ocrx_word' id='word_1_176' title='bbox 749 2652 915 2706; x_wconf 81' lang='lat' dir='ltr'>insaniores</span> <span class='ocrx_word' id='word_1_177' title='bbox 932 2654 1108 2721; x_wconf 74' lang='lat' dir='ltr'>juvenibus.</span> 
     </span>
     <span class='ocr_line' id='line_1_25' title="bbox 55 2742 1112 2818; baseline -0.001 -16"><span class='ocrx_word' id='word_1_178' title='bbox 55 2745 125 2802; x_wconf 86' lang='lat' dir='ltr'>Scio</span> <span class='ocrx_word' id='word_1_179' title='bbox 146 2747 258 2818; x_wconf 78' lang='lat' dir='ltr'>Satanae</span> <span class='ocrx_word' id='word_1_180' title='bbox 278 2756 344 2796; x_wconf 84' lang='lat' dir='ltr'>esse</span> <span class='ocrx_word' id='word_1_181' title='bbox 363 2743 535 2811; x_wconf 80' lang='lat' dir='ltr'>negotium,</span> <span class='ocrx_word' id='word_1_182' title='bbox 555 2742 693 2810; x_wconf 85' lang='lat' dir='ltr'>quicum</span> <span class='ocrx_word' id='word_1_183' title='bbox 714 2759 860 2816; x_wconf 87' lang='lat' dir='ltr'>nusquam</span> <span class='ocrx_word' id='word_1_184' title='bbox 880 2748 973 2816; x_wconf 82' lang='lat' dir='ltr'>possit</span> <span class='ocrx_word' id='word_1_185' title='bbox 996 2754 1112 2806; x_wconf 78' lang='lat' dir='ltr'>nocere¹</span> 
     </span>
     <span class='ocr_line' id='line_1_26' title="bbox 55 2833 1109 2906; baseline 0.004 -10"><span class='ocrx_word' id='word_1_186' title='bbox 55 2838 152 2896; x_wconf 77' lang='lat' dir='ltr'>verbo</span> <span class='ocrx_word' id='word_1_187' title='bbox 175 2836 234 2891; x_wconf 88' lang='lat' dir='ltr'>Dei</span> <span class='ocrx_word' id='word_1_188' title='bbox 256 2835 332 2906; x_wconf 87' lang='lat' dir='ltr'>apud</span> <span class='ocrx_word' id='word_1_189' title='bbox 354 2849 409 2889; x_wconf 89' lang='lat' dir='ltr'>nos</span> <span class='ocrx_word' id='word_1_190' title='bbox 434 2833 589 2901; x_wconf 82' lang='lat' dir='ltr'>redeunti,</span> <span class='ocrx_word' id='word_1_191' title='bbox 609 2833 664 2889; x_wconf 90' lang='lat' dir='ltr'>hac</span> <span class='ocrx_word' id='word_1_192' title='bbox 689 2841 753 2890; x_wconf 82' lang='lat' dir='ltr'>arte</span> <span class='ocrx_word' id='word_1_193' title='bbox 775 2839 880 2893; x_wconf 86' lang='lat' dir='ltr'>saltem</span> <span class='ocrx_word' id='word_1_194' title='bbox 907 2840 933 2894; x_wconf 91' lang='lat' dir='ltr'>ei</span> <span class='ocrx_word' id='word_1_195' title='bbox 957 2844 1109 2900; x_wconf 79' lang='lat' dir='ltr'>infamiam</span> 
     </span>
     <span class='ocr_line' id='line_1_27' title="bbox 56 2927 1111 3008; baseline 0.009 -21"><span class='ocrx_word' id='word_1_196' title='bbox 56 2934 180 3007; x_wconf 82' lang='lat' dir='ltr'>quaerit:</span> <span class='ocrx_word' id='word_1_197' title='bbox 200 2939 395 2984; x_wconf 84' lang='lat' dir='ltr'>veruntamen</span> <span class='ocrx_word' id='word_1_198' title='bbox 416 2936 520 2982; x_wconf 89' lang='lat' dir='ltr'>contra</span> <span class='ocrx_word' id='word_1_199' title='bbox 541 2927 695 2984; x_wconf 88' lang='lat' dir='ltr'>nitendum</span> <span class='ocrx_word' id='word_1_200' title='bbox 711 2942 773 2997; x_wconf 86' lang='lat' dir='ltr'>eat,</span> <span class='ocrx_word' id='word_1_201' title='bbox 793 2932 902 3003; x_wconf 86' lang='lat' dir='ltr'>quibua</span> <span class='ocrx_word' id='word_1_202' title='bbox 922 2933 985 2989; x_wconf 91' lang='lat' dir='ltr'>lieri</span> <span class='ocrx_word' id='word_1_203' title='bbox 1006 2941 1111 3008; x_wconf 69' lang='lat' dir='ltr'>potest</span> 
     </span>
     <span class='ocr_line' id='line_1_28' title="bbox 55 3022 1105 3095; baseline 0.004 -12"><span class='ocrx_word' id='word_1_204' title='bbox 55 3028 188 3093; x_wconf 77' lang='lat' dir='ltr'>studiis,</span> <span class='ocrx_word' id='word_1_205' title='bbox 214 3039 250 3078; x_wconf 89' lang='lat' dir='ltr'>ne</span> <span class='ocrx_word' id='word_1_206' title='bbox 278 3022 436 3093; x_wconf 71' lang='lat' dir='ltr'>prevaleat</span> <span class='ocrx_word' id='word_1_207' title='bbox 458 3037 527 3077; x_wconf 90' lang='lat' dir='ltr'>cum</span> <span class='ocrx_word' id='word_1_208' title='bbox 548 3022 620 3076; x_wconf 85' lang='lat' dir='ltr'>viris</span> <span class='ocrx_word' id='word_1_209' title='bbox 643 3024 706 3078; x_wconf 87' lang='lat' dir='ltr'>istis</span> <span class='ocrx_word' id='word_1_210' title='bbox 730 3029 914 3095; x_wconf 84' lang='lat' dir='ltr'>sanguinum.</span> <span class='ocrx_word' id='word_1_211' title='bbox 953 3029 1105 3089; x_wconf 83' lang='lat' dir='ltr'>Caeterum</span> 
     </span>
     <span class='ocr_line' id='line_1_29' title="bbox 56 3109 1148 3187; baseline 0.005 -10"><span class='ocrx_word' id='word_1_212' title='bbox 56 3124 150 3178; x_wconf 86' lang='lat' dir='ltr'>credo</span> <span class='ocrx_word' id='word_1_213' title='bbox 174 3131 204 3174; x_wconf 91' lang='lat' dir='ltr'>te</span> <span class='ocrx_word' id='word_1_214' title='bbox 231 3119 332 3172; x_wconf 81' lang='lat' dir='ltr'>literas</span> <span class='ocrx_word' id='word_1_215' title='bbox 354 3129 460 3171; x_wconf 91' lang='lat' dir='ltr'>omnes</span> <span class='ocrx_word' id='word_1_216' title='bbox 485 3118 636 3187; x_wconf 87' lang='lat' dir='ltr'>accepisse</span> <span class='ocrx_word' id='word_1_217' title='bbox 659 3135 674 3170; x_wconf 89' lang='lat' dir='ltr'>a</span> <span class='ocrx_word' id='word_1_218' title='bbox 697 3134 745 3173; x_wconf 88' lang='lat' dir='ltr'>me</span> <span class='ocrx_word' id='word_1_219' title='bbox 767 3109 853 3175; x_wconf 77' lang='lat' dir='ltr'>datas&#39;</span> <span class='ocrx_word' id='word_1_220' title='bbox 875 3138 931 3176; x_wconf 89' lang='lat' dir='ltr'>una</span> <span class='ocrx_word' id='word_1_221' title='bbox 954 3141 1023 3178; x_wconf 88' lang='lat' dir='ltr'>cum</span> <span class='ocrx_word' id='word_1_222' title='bbox 1052 3129 1108 3183; x_wconf 71' lang='lat' dir='ltr'>sil.</span> <span class='ocrx_word' id='word_1_223' title='bbox 1143 3158 1148 3165; x_wconf 92' lang='lat'>·</span> 
     </span>
     <span class='ocr_line' id='line_1_30' title="bbox 56 3211 1109 3293; baseline 0.004 -21"><span class='ocrx_word' id='word_1_224' title='bbox 56 3217 151 3272; x_wconf 82' lang='lat' dir='ltr'>vestri</span> <span class='ocrx_word' id='word_1_225' title='bbox 176 3211 487 3279; x_wconf 84' lang='lat' dir='ltr'>Schauenburgemis,</span> <span class='ocrx_word' id='word_1_226' title='bbox 508 3229 581 3281; x_wconf 85' lang='lat' dir='ltr'>quas</span> <span class='ocrx_word' id='word_1_227' title='bbox 596 3213 714 3267; x_wconf 89' lang='lat' dir='ltr'>remitte</span> <span class='ocrx_word' id='word_1_228' title='bbox 730 3213 867 3284; x_wconf 83' lang='lat' dir='ltr'>legendas</span> <span class='ocrx_word' id='word_1_229' title='bbox 887 3218 998 3271; x_wconf 79' lang='lat' dir='ltr'>etnicis.</span> <span class='ocrx_word' id='word_1_230' title='bbox 1020 3218 1109 3293; x_wconf 83' lang='lat' dir='ltr'>Vale,·</span> 
     </span>
     <span class='ocr_line' id='line_1_31' title="bbox 56 3305 1085 3380; baseline 0.006 -17"><span class='ocrx_word' id='word_1_231' title='bbox 56 3321 88 3364; x_wconf 86' lang='lat' dir='ltr'>et</span> <span class='ocrx_word' id='word_1_232' title='bbox 107 3325 162 3380; x_wconf 91' lang='lat' dir='ltr'>pro</span> <span class='ocrx_word' id='word_1_233' title='bbox 180 3324 228 3363; x_wconf 89' lang='lat' dir='ltr'>me</span> <span class='ocrx_word' id='word_1_234' title='bbox 247 3322 310 3362; x_wconf 85' lang='lat' dir='ltr'>ora.</span> <span class='ocrx_word' id='word_1_235' title='bbox 348 3305 501 3360; x_wconf 85' lang='lat' dir='ltr'>Sabbatho</span> <span class='ocrx_word' id='word_1_236' title='bbox 520 3315 589 3375; x_wconf 87' lang='lat' dir='ltr'>post</span> <span class='ocrx_word' id='word_1_237' title='bbox 606 3306 808 3375; x_wconf 82' lang='lat' dir='ltr'>Margarethae</span> <span class='ocrx_word' id='word_1_238' title='bbox 819 3349 829 3376; x_wconf 90' lang='lat'><strong>,</strong></span> <span class='ocrx_word' id='word_1_239' title='bbox 849 3326 925 3367; x_wconf 90' lang='lat' dir='ltr'>anno</span> <span class='ocrx_word' id='word_1_240' title='bbox 945 3310 1085 3370; x_wconf 80' lang='lat' dir='ltr'><strong>MDXX.</strong></span> 
     </span>
     <span class='ocr_line' id='line_1_32' title="bbox 606 3399 1107 3477; baseline 0.018 -22"><span class='ocrx_word' id='word_1_241' title='bbox 606 3399 758 3459; x_wconf 84' lang='lat' dir='ltr'>Martinus</span> <span class='ocrx_word' id='word_1_242' title='bbox 775 3402 949 3474; x_wconf 88' lang='lat' dir='ltr'>Lutherus,</span> <span class='ocrx_word' id='word_1_243' title='bbox 974 3410 1107 3477; x_wconf 66' lang='lat' dir='ltr'>Augusta</span> 
     </span>
    </p>
   </div>
   <div class='ocr_carea' id='block_1_5' title="bbox 56 3646 1106 3870">
    <p class='ocr_par' dir='ltr' id='par_1_6' title="bbox 56 3646 1106 3870">
     <span class='ocr_line' id='line_1_33' title="bbox 109 3646 1106 3714; baseline 0.019 -18"><span class='ocrx_word' id='word_1_244' title='bbox 109 3649 137 3704; x_wconf 53' lang='grc' dir='ltr'>ἑ)</span> <span class='ocrx_word' id='word_1_245' title='bbox 166 3653 202 3707; x_wconf 60' lang='lat' dir='ltr'>Str</span> <span class='ocrx_word' id='word_1_246' title='bbox 221 3653 301 3703; x_wconf 75' lang='lat' dir='ltr'>biritu</span> <span class='ocrx_word' id='word_1_247' title='bbox 319 3654 346 3706; x_wconf 66' lang='lat' dir='ltr'>z.</span> <span class='ocrx_word' id='word_1_248' title='bbox 364 3661 415 3700; x_wconf 78' lang='lat' dir='ltr'>taur</span> <span class='ocrx_word' id='word_1_249' title='bbox 430 3655 500 3708; x_wconf 70' lang='lat' dir='ltr'>&lt;unte</span> <span class='ocrx_word' id='word_1_250' title='bbox 516 3651 624 3703; x_wconf 73' lang='lat' dir='ltr'>sartos</span> <span class='ocrx_word' id='word_1_251' title='bbox 642 3655 744 3706; x_wconf 59' lang='lat' dir='ltr'>mutari</span> <span class='ocrx_word' id='word_1_252' title='bbox 771 3655 860 3709; x_wconf 75' lang='lat' dir='ltr'>rouo</span> <span class='ocrx_word' id='word_1_253' title='bbox 873 3656 913 3709; x_wconf 79' lang='lat' dir='ltr'>itt</span> <span class='ocrx_word' id='word_1_254' title='bbox 931 3658 971 3704; x_wconf 84' lang='lat' dir='ltr'>ltr</span> <span class='ocrx_word' id='word_1_255' title='bbox 989 3646 1106 3714; x_wconf 47' lang='lat' dir='ltr'>Mtte&amp;</span> 
     </span>
     <span class='ocr_line' id='line_1_34' title="bbox 56 3731 969 3792; baseline 0.014 -16"><span class='ocrx_word' id='word_1_256' title='bbox 56 3733 168 3787; x_wconf 68' lang='lat' dir='ltr'>madunt</span> <span class='ocrx_word' id='word_1_257' title='bbox 191 3735 229 3780; x_wconf 80' lang='lat' dir='ltr'>ltr</span> <span class='ocrx_word' id='word_1_258' title='bbox 246 3731 379 3784; x_wconf 76' lang='lat' dir='ltr'>ailullditn</span> <span class='ocrx_word' id='word_1_259' title='bbox 397 3734 466 3782; x_wconf 57' lang='lat' dir='ltr'>baut</span> <span class='ocrx_word' id='word_1_260' title='bbox 481 3731 564 3780; x_wconf 78' lang='lat' dir='ltr'>nuder</span> <span class='ocrx_word' id='word_1_261' title='bbox 580 3734 685 3790; x_wconf 71' lang='lat' dir='ltr'>brutini.</span> <span class='ocrx_word' id='word_1_262' title='bbox 713 3737 747 3787; x_wconf 75' lang='grc' dir='ltr'>ὅ.</span> <span class='ocrx_word' id='word_1_263' title='bbox 762 3737 866 3792; x_wconf 62' lang='lat' dir='ltr'>ulau!</span> <span class='ocrx_word' id='word_1_264' title='bbox 882 3739 904 3789; x_wconf 89' lang='lat' dir='ltr'>l.</span> <span class='ocrx_word' id='word_1_265' title='bbox 920 3739 969 3789; x_wconf 77' lang='lat'>³⁰5·</span> 
     </span>
     <span class='ocr_line' id='line_1_35' title="bbox 109 3814 579 3870; baseline 0.038 -24"><span class='ocrx_word' id='word_1_266' title='bbox 109 3817 149 3866; x_wconf 70' lang='lat' dir='ltr'>ru)</span> <span class='ocrx_word' id='word_1_267' title='bbox 172 3814 337 3870; x_wconf 65' lang='lat' dir='ltr'>murnum,</span> <span class='ocrx_word' id='word_1_268' title='bbox 359 3815 428 3869; x_wconf 64' lang='lat' dir='ltr'>‘imi&#39;-</span> <span class='ocrx_word' id='word_1_269' title='bbox 445 3817 483 3862; x_wconf 73' lang='lat' dir='ltr'>bct</span> <span class='ocrx_word' id='word_1_270' title='bbox 499 3815 579 3868; x_wconf 56' lang='lat' dir='ltr'>stimi.</span> 
     </span>
    </p>
   </div>
   <div class='ocr_carea' id='block_1_6' title="bbox 315 4011 841 4042">
    <p class='ocr_par' dir='ltr' id='par_1_7' title="bbox 315 4011 841 4042">
     <span class='ocr_line' id='line_1_36' title="bbox 315 4011 841 4042; baseline 0 -6"><span class='ocrx_word' id='word_1_271' title='bbox 315 4011 841 4042; x_wconf 59' lang='lat' dir='ltr'>m</span> 
     </span>
    </p>
   </div>
   <div class='ocr_carea' id='block_1_7' title="bbox 0 0 1293 4732">
    <p class='ocr_par' dir='ltr' id='par_1_8' title="bbox 0 0 1293 4732">
     <span class='ocr_line' id='line_1_37' title="bbox 0 0 1293 4732; baseline 0 0"><span class='ocrx_word' id='word_1_272' title='bbox 0 0 1293 4732; x_wconf 95' lang='lat' dir='ltr'> </span> 
     </span>
    </p>
   </div>
  </div>
 </body>
</html>
