2574 4732
203 335 242 402 ss
609 407 630 434 ,Ι
679 325 768 395 ant.

105 499 114 509 “
202 476 500 561 illustrissime,quod
509 504 565 556 ego
578 487 629 542 lex
638 485 796 543 hominnm
809 490 921 539 tantum
936 476 1035 540 habeo
1046 483 1242 551 temeritatis,

201 595 235 640 ut
254 585 289 639 ed
309 583 428 638 culmen
445 590 502 636 tua
519 581 713 636 sublimitatis
733 593 821 635 ausus
845 577 954 633 luerim
972 577 1105 647 cogitare
1127 577 1239 648 episto.

199 678 270 732 lam.
304 676 407 731 Testis
425 684 472 729 est
491 675 564 730 mihi
583 675 734 730 Dominus
754 669 864 740 Jrsns,
894 672 975 744 quod
992 687 1066 726 meae
1084 670 1241 742 parvitatis

201 781 232 827 et
253 770 443 842 turpitudinis
461 769 535 823 mihi
561 768 700 823 conscius
735 765 786 820 diu
812 764 875 834 jam
908 764 1026 832 distuli,
1053 765 1135 835 quod
1160 779 1241 817 nunc

200 864 343 935 perfricta
359 857 458 917 fronte
472 861 614 933 perficio,
632 868 787 932 permotus
804 874 892 928 qrtam
903 858 1034 912 maxime
1052 856 1151 912 officio
1169 855 1241 930 fpde.

200 957 290 1013 litatis
311 973 401 1024 meaa,
426 971 515 1026 quam
537 964 604 1010 tuae
624 944 881 1009 reverendissimas
904 952 974 1012 Pat.
992 953 1023 1007 in
1042 950 1166 1006 Christo
1189 951 1241 1004 de.

199 1049 273 1105 bere
294 1066 342 1104 me
366 1064 508 1117 agnosco.
557 1046 708 1115 Dignetur
729 1049 830 1119 itaque
858 1058 909 1103 tun
940 1046 1061 1121 interim
1086 1044 1238 1100 celsitudo

200 1143 322 1221 oculum
340 1143 375 1195 ad
396 1141 551 1212 pulverem
571 1156 663 1194 unum
684 1141 855 1208 intendere,
884 1149 915 1195 et
936 1148 1041 1196 votum
1062 1154 1164 1194 meum
1182 1153 1238 1210 pro

200 1243 251 1291 tun
272 1249 311 1289 et·
325 1233 485 1305 pontificali
504 1233 661 1287 clementia
679 1233 854 1302 intelligere.

268 1327 529 1383 circumferuntur
541 1325 727 1395 indulgentias
740 1328 859 1400 pspsles
873 1327 930 1381 sub
945 1336 999 1382 tuo
1011 1324 1239 1398 praeclarissimo

198 1421 286 1477 titulo
308 1420 345 1475 ad
365 1419 511 1487 lubricam
527 1419 557 1475 S.
574 1419 676 1489 Petri,
697 1420 728 1476 in
748 1419 856 1493 quibus
872 1436 934 1474 non
948 1420 1023 1474 adeo
1040 1434 1151 1474 accuso
1165 1434 1241 1489 pra.

199 1515 367 1570 dicatorum
389 1514 641 1581 exclamationes,
660 1504 733 1584 qu'as
751 1531 812 1570 non
829 1514 937 1576 audivi,
962 1513 1015 1568 sed
1034 1512 1123 1566 doleo
1144 1511 1240 1567 falsis.

199 1608 290 1664 simas
312 1607 517 1676 intelligentias
534 1608 635 1680 populi
651 1623 691 1664 ex
709 1609 764 1665 illis
782 1615 964 1679 conceptas,
981 1620 1055 1677 quse
1073 1603 1165 1672 vulgo
1185 1619 1239 1657 un.

200 1702 289 1776 dique
311 1705 446 1774 jactant,
475 1701 631 1770 videlicet,
657 1703 738 1775 quod
761 1701 889 1757 credunt
911 1698 1044 1755 infelices
1064 1697 1183 1764 animas,
1212 1697 1237 1752 si

200 1795 302 1852 literas
323 1795 572 1864 indulgentiarum
585 1796 778 1865 redemerint,
793 1794 873 1868 quod
891 1792 991 1851 securi
1007 1793 1067 1849 sint
1084 1789 1121 1858 b)
1135 1792 1172 1846 de
1192 1807 1239 1846 aa.

198 1888 260 1944 lute
282 1856 355 1944 sua:
380 1884 468 1948 item,
499 1890 581 1961 quod
604 1889 707 1945 animae
725 1891 762 1945 de
774 1888 961 1961 purgatorio
980 1888 1080 1944 statim
1099 1886 1237 1951 evolent,

196 1981 249 2037 ubi
265 1979 520 2038 contributionem
534 1980 563 2036 in
577 1979 683 2037 cistam
698 1982 901 2038 coniecerim:
920 1981 1041 2049 deinde,
1059 1988 1154 2035 tantas
1169 1993 1237 2034 esse

196 2073 251 2130 has
276 2073 402 2142 gratiss,
426 2084 459 2128 ut
484 2073 599 2127 nullum
626 2075 666 2129 sit
688 2076 763 2130 adeo
783 2091 922 2144 maguum
941 2082 1122 2146 peccatum,
1146 2073 1237 2127 etiam

196 2165 254 2231 (ut
274 2166 378 2235 ajunt.)
407 2165 507 2236 siper
532 2165 716 2237 impossibile
741 2168 809 2240 quis
835 2175 962 2221 matrem
985 2165 1045 2223 Dei
1069 2165 1213 2220 violasset
1225 2203 1236 2232 ,

196 2259 267 2329 quin
291 2257 388 2328 possit
410 2256 506 2312 solvi:
532 2257 622 2327 item,
648 2260 730 2331 qnod
751 2260 846 2315 homo
873 2274 928 2332 per
949 2259 1020 2314 istae
1040 2257 1235 2328 indulgentias

195 2349 272 2405 liber
293 2350 332 2405 sit
352 2349 389 2402 ab
409 2350 489 2404 omni
507 2364 594 2420 poens
612 2362 643 2407 et
659 2353 758 2424 culpa,

262 2443 290 2499 Ο
315 2443 401 2498 Deus
424 2444 554 2517 optime,
574 2446 619 2501 sic
637 2447 814 2502 erudiuntur
834 2446 937 2502 animas
957 2447 1016 2502 tuis
1040 2447 1137 2515 curis,
1156 2448 1235 2518 opti.

192 2551 241 2591 me
259 2534 369 2606 Pater,
388 2539 555 2594 commissas
573 2540 608 2595 ad
625 2552 776 2610 mortem,
795 2551 825 2597 et
846 2533 987 2612 litaeque
1007 2543 1118 2606 crescit
1137 2541 1236 2597 duris.

102 2680 107 2696 ,
193 2631 362 2686 elinantio
381 2630 435 2686 tibi
453 2633 603 2688 reddenda
621 2650 712 2706 super
725 2635 864 2692 omnibus
883 2634 958 2690 istis.
993 2633 1113 2690 Idcirco
1132 2646 1235 2690 tacere

190 2722 257 2778 haec
287 2724 411 2796 amplius
440 2742 499 2781 non
529 2729 624 2799 potui.
671 2727 743 2785 Non
771 2731 851 2785 enim
875 2727 908 2783 lit
933 2728 1029 2784 homo
1057 2745 1112 2800 per
1138 2727 1234 2794 ullum

191 2832 299 2873 munus
315 2818 448 2895 episcopi
466 2836 592 2876 securus
610 2823 646 2889 de
659 2824 769 2889 salute,
791 2838 862 2880 cum
878 2838 935 2877 nec
955 2838 1008 2896 per
1028 2821 1153 2891 gratiam
1171 2820 1233 2878 Dei

190 2910 319 2966 infusam
340 2911 390 2967 fist
403 2928 546 2982 securus,
564 2918 617 2972 sed
635 2932 754 2989 semper
772 2919 801 2974 in
819 2912 927 2972 timore
947 2926 978 2972 et
997 2924 1131 2971 tremore
1143 2902 1232 2985 jubet

190 3018 248 3058 nos
271 3006 387 3074 operari
412 3007 538 3061 salutem
567 3019 703 3065 nostram
724 3006 911 3082 Apostolus:
939 3019 969 3065 et
984 3012 1092 3080 jrrstus
1109 3007 1145 3078 e)
1177 3009 1232 3064 uix

191 3094 379 3153 salvabitur:
399 3100 527 3170 denique
546 3110 606 3156 tam
621 3114 704 3158 arcta
724 3113 770 3158 est
790 3105 837 3159 vis
848 3143 858 3172 ,
882 3120 949 3175 quse
969 3104 1052 3161 ducit
1069 3105 1106 3161 sd
1122 3104 1230 3166 vitam.

188 3200 222 3243 ut
245 3188 397 3247 Dominus
421 3209 475 3265 per
497 3192 667 3265 Prophetas
691 3198 785 3254 Amos
809 3208 839 3253 et
863 3198 1047 3259 Zachariam
1072 3199 1229 3255 salvandos

188 3283 316 3353 appellet
334 3294 434 3340 torres
452 3297 555 3356 raptos
572 3289 608 3342 de
628 3289 788 3359 incendio,
809 3300 839 3346 et
857 3292 970 3364 ubique
989 3292 1139 3349 Dominus
1156 3292 1230 3348 didi.

187 3375 331 3434 cultatem
350 3379 452 3434 salutis
475 3380 644 3453 denunciet.
1016 3434 1019 3441 ,
1157 3428 1162 3437 ·

258 3469 423 3545 Quomodo
442 3459 477 3539 ιι)
501 3489 573 3541 ergo
594 3492 647 3546 per
669 3477 733 3535 illae
758 3479 846 3541 salsas
875 3479 1030 3534 veniarum
1056 3478 1171 3537 tabulas
1196 3485 1228 3533 et

183 3565 402 3637 promissiones
421 3565 457 3628 s)
477 3565 590 3621 faciunt
615 3571 758 3641 populum
777 3589 918 3628 securum
949 3578 980 3628 et
1002 3573 1066 3628 sine
1095 3571 1227 3626 timore?

185 3674 255 3713 cum
283 3659 469 3728 indulgentiae
495 3677 619 3731 prorsus
643 3663 717 3720 nihil
739 3664 810 3721 boni
831 3666 991 3722 conserent
1011 3663 1164 3720 animabus
1189 3665 1226 3719 ad
1282 3711 1286 3716 .

185 3831 706 3870 ,m

233 3954 269 4008 bt·
292 3958 320 4002 s.
335 3968 360 4002 se
376 3968 471 4004 tenuras
488 3972 548 4005 esse.
638 4004 641 4008 ,
754 3963 785 4014 d)
814 3963 842 4010 Α.
863 3975 914 4011 eur.

232 4037 261 4085 cl
288 4035 453 4095 lud-lnquit
472 4038 564 4086 Petrus.
753 4047 781 4092 el
802 4043 838 4091 s.
853 4041 1021 4099 predicatores
1038 4054 1130 4091 earum.
