2574 4732
173 298 233 380 sss
652 292 743 365 1519.

175 462 248 510 erat.
284 451 447 526 Quotquot
464 458 564 507 autem
581 450 670 509 nobis
687 446 844 520 favebant,
864 449 948 507 reiut
968 449 1089 507 occulte
1108 451 1151 509 ad·
1165 469 1223 512 nos

172 546 344 606 veniebant.
362 545 502 601 Invitavit
519 555 619 601 umen
634 561 692 602 nos
706 545 749 602 D.
765 545 930 616 Aurbach,
945 539 1042 602 homo
1059 548 1224 604 rectissimi

169 640 297 711 judicii,
324 649 356 694 et
377 639 545 696 ordinarius
567 638 671 696 Pistor
687 640 812 712 junior:
841 641 981 699 inritavit
1006 651 1038 697 et
1060 641 1126 711 ipse
1143 624 1224 699 Dux

174 733 327 803 Georgius
344 748 402 788 nos
419 743 482 789 tres
499 732 599 810 simul.

242 827 327 883 Idem
345 825 421 882 Dux
443 826 568 883 illustris
587 843 636 882 mo
660 829 728 885 soio
755 835 867 886 vocato
889 829 992 884 muitis
1015 843 1139 883 mecum
1162 828 1226 899 egit
1251 838 1257 846 “

176 923 213 978 de
231 921 383 993 opusculis
395 921 487 987 meis,
503 923 671 993 praesertim
685 923 723 978 de
736 923 874 979 oratione
887 922 1069 996 Dominicis,
1084 938 1226 994 causans,

177 1016 259 1088 quod
278 1015 383 1071 Bderui
399 1015 435 1070 de
455 1030 503 1070 me
524 1015 617 1072 muita
634 1026 866 1087 presumerent:
884 1000 1074 1074 deindacum
1084 1018 1226 1074 oratione

177 1109 340 1167 Dominica
363 1104 554 1166 suscitassern
580 1109 682 1166 multia
707 1111 901 1168 conscientiis
929 1111 1161 1181 confusionem,
1190 1121 1227 1168 ut

175 1202 227 1276 qui
245 1205 275 1259 in
293 1211 423 1275 quatuor
440 1200 546 1259 diebus
570 1219 608 1259 ne
633 1218 726 1258 unum
743 1213 827 1277 pater
845 1214 952 1262 nostor
972 1220 1005 1261 sc
1023 1222 1113 1262 orare
1132 1221 1226 1278 posse
1251 1220 1256 1228 ·

176 1306 394 1369 quererentur,
412 1296 437 1351 si
455 1312 504 1351 me
522 1296 616 1352 audiri
635 1305 809 1369 oporteret,
827 1306 857 1352 et
874 1300 969 1355 muits
986 1299 1053 1354 aiia.
1078 1298 1148 1354 Nec
1165 1316 1225 1370 ego

176 1406 259 1446 eram
282 1398 343 1445 tam
366 1389 522 1463 stupidus,
547 1392 598 1463 qui
621 1408 683 1447 non
706 1392 921 1461 distinguerem
943 1395 1022 1448 inter
1044 1391 1176 1449 fistulam
1193 1401 1227 1448 et

177 1485 298 1552 flatum,
321 1482 494 1556 indciuique
516 1486 664 1558 optimum
692 1495 723 1541 et
741 1486 907 1557 piissimum
928 1487 1101 1559 Principem
1120 1487 1225 1544 alienis

177 1577 218 1632 ita
237 1588 339 1648 petere
360 1588 391 1635 et
410 1594 516 1651 parere
539 1579 717 1648 affectibus,
748 1596 840 1651 quem
865 1581 1004 1638 videbam
1027 1590 1058 1635 et
1079 1591 1227 1653 expertus

146 1659 149 1667 ’
178 1688 261 1727 eram
280 1674 352 1729 satis
369 1673 573 1746 principaliter
586 1673 686 1746 ioqui,
704 1676 824 1746 quando
842 1690 895 1732 sua
913 1675 1106 1749 loquebatur.

246 1765 456 1824 Novissimu'm
482 1767 598 1823 invidias
621 1779 804 1825 monstrum.
840 1768 918 1825 Cum
932 1757 996 1839 =ego
1016 1769 1046 1823 in
1070 1769 1118 1824 die
1138 1767 1225 1826 Petri

180 1869 211 1916 et
236 1859 322 1917 Pauii
351 1870 478 1917 vocatus
504 1876 601 1918 essem
621 1879 638 1918 a
663 1861 800 1919 Domino
823 1862 958 1927 Rectene
980 1872 1087 1919 nostro
1093 1901 1104 1930 ,
1133 1862 1231 1918 Duce

179 1953 369 2023 Pomsrano‚
395 1965 430 2012 ut
447 1953 643 2026 Evangelium
661 1958 762 2026 grstiae
779 1973 840 2014 auu
859 1959 890 2013 iu
907 1959 1018 2014 sacello
1041 1957 1133 2015 castri
1154 1974 1229 2027 pro.

179 2050 372 2108 nuntiarem:
402 2059 526 2121 repente
554 2049 632 2104 famu
662 2050 753 2121 hujus
779 2067 853 2105 mera
885 2052 1041 2107 concionis
1070 2050 1226 2107 civitatem

108 2202 116 2209 ,,
179 2143 331 2213 implevit,
349 2142 550 2211 convenitque
565 2152 694 2214 uterque
712 2160 804 2199 sexus
823 2144 963 2215 copiose,
989 2155 1023 2198 ut
1041 2159 1168 2211 cogerer
1194 2146 1226 2200 iu

180 2237 245 2291 auia
263 2235 458 2306 disputatoria
475 2234 663 2290 concionari.
696 2236 741 2291 Ibi
761 2237 897 2305 dispositi
919 2245 951 2290 et
970 2234 1069 2289 vocati
1089 2234 1224 2301 magistri

179 2330 277 2386 nostri
294 2339 324 2383 et
338 2326 551 2383 observatores
563 2327 750 2397 iniquissimi.
781 2328 838 2384 Est
853 2338 953 2383 autern
971 2328 999 2386 id
1016 2326 1221 2394 Evangeiium,

181 2425 264 2495 quod
288 2421 445 2492 utriusque
472 2421 680 2492 disputationis
701 2439 765 2476 rcrn
791 2423 977 2493 apertissime
998 2420 1222 2491 comptectitnr.

180 2518 254 2574 Ideo
280 2533 336 2586 ego
357 2516 450 2570 totius
471 2515 677 2585 disputationis
704 2532 851 2571 summam
872 2526 997 2571 coactus
1019 2531 1085 2569 sum
1106 2515 1225 2569 cunctis

182 2627 359 2686 exponere,
378 2596 479 2665 sedin
497 2611 602 2664 maiam
620 2611 744 2681 gratiam
763 2610 968 2679 Lipaensibus.

178 2705 181 2709 ’
250 2707 327 2764 Post
349 2705 415 2760 haec
441 2703 553 2759 Ecciua
572 2714 678 2759 contra
699 2720 747 2758 mc
767 2704 965 2765 substitutus,
1000 2702 1227 2772 quaterpraedi.

182 2803 262 2859 cavit
281 2801 312 2855 in
333 2799 469 2854 ecclesiis
488 2797 613 2854 diversis
634 2807 664 2852 et
684 2799 785 2853 omnia
802 2814 869 2851 mea
890 2797 1033 2866 proscidit
1053 2806 1083 2849 et
1105 2795 1226 2849 vexavit

182 2897 312 2969 pubiice.
349 2891 444 2960 Sica)
470 2894 547 2947 enim
576 2894 763 2960 theologistae
787 2893 813 2946 ei
839 2893 1023 2946 mandarunt.
1057 2889 1137 2943 Mihi
1159 2904 1226 2942 rur.

174 3005 271 3050 sum,
293 2989 364 3043 licet
381 3004 397 3041 a
412 2988 514 3042 multis
535 2997 708 3058 peteretur,
725 3003 786 3042 oon
804 2997 850 3040 cst
866 3001 1011 3040 concessa
1029 2984 1088 3039 uiia
1107 2984 1225 3037 concio.

183 3085 380 3138 Accusaudus
398 3091 514 3136 tantum
530 3092 560 3136 et
576 3082 777 3137 criminandus
798 3095 878 3134 eram
892 3077 954 3146 b),
973 3094 1032 3132 non
1051 3077 1141 3132 etiarn
1156 3092 1227 3145 pur.

185 3178 307 3245 nudus.
349 3176 397 3231 Sic
418 3177 550 3231 enimet
576 3175 604 3229 in
634 3175 832 3244 disputatione
858 3182 1002 3240 egerunt,
1039 3181 1072 3225 ut
1095 3169 1225 3231 Eccius,

183 3270 255 3325 iicet
273 3283 429 3339 opponens
448 3280 547 3334 esset,
564 3268 701 3323 ultimum
720 3279 818 3321 tamen
834 3266 960 3320 verbum
979 3264 1122 3326 haberet,
1144 3261 1227 3334 quod

184 3379 242 3430 ego
258 3374 319 3414 nnn
337 3376 457 3430 possem
472 3362 649 3439 dissolvere.
682 3361 823 3432 Denique
839 3361 902 3431 ipse
920 3357 1019 3412 Caesar
1034 3356 1137 3424 paug,
1155 3369 1229 3410 curu

185 3455 315 3510 audisset
334 3470 383 3506 me
399 3454 575 3523 praedicasse
595 3455 609 3516 (
616 3456 718 3510 aberat
730 3456 851 3520 enim),
871 3464 929 3507 art:
947 3450 999 3519 {itit
1015 3448 1104 3509 insilit
1119 3447 1228 3509 Quem

189 3545 341 3613 utarttnua
362 3546 438 3614 it'ttt
457 3545 513 3613 trin
531 3546 648 3620 utettpt
666 3561 717 3620 nen
738 3547 919 3619 wittenburg
942 3545 1072 3618 quisunt.
1108 3544 1230 3599 Summa

184 3656 386 3700 summarum:
412 3640 551 3694 invidiam
570 3643 726 3713 utiqusndo
747 3645 836 3711 novi,
854 3643 908 3700 sed
920 3641 1032 3698 nuliam
1050 3640 1229 3696 inverecun-

187 3739 304 3795 diorem
323 3744 353 3789 ct
371 3733 632 3805 impudentiorem.

223 3958 270 4005 ..ai
298 3949 401 4000 nuxit
418 3950 488 3998 sieut.

241 4033 274 4088 b)
299 4029 405 4083 surii.
422 4053 450 4113 ἶ-
468 4040 542 4078 eram.
