2574 4732
168 329 228 401 156
345 387 350 396 .
645 280 756 394 1⁵1ss
798 372 804 388 ,

167 488 364 565 dispositione
389 502 456 556 sus,
484 487 537 542 sed
562 501 603 561 ert
625 487 683 541 tide
706 485 788 541 vivit.
823 483 927 559 Quare
940 485 977 542 de
990 485 1161 556 indignitate
1176 488 1214 554 s)

154 596 217 640 -tun
241 580 314 639 nihil
335 591 457 654 oportet
474 580 628 639 dubitare:
648 581 814 645 ideo'enirn
832 581 969 650 accedis,
987 583 1057 653 quis
1078 583 1216 651 indignus

166 694 217 745 es,
248 687 281 731 ut
308 677 413 746 dignus
436 674 514 739 iias,
539 683 569 727 et
590 673 764 744 justificeris
793 673 830 736 nb
860 689 914 744 eo,
941 674 991 745 qui
1022 660 1215 746 pecatores,

167 789 228 828 non
247 773 367 841 justos,
393 769 506 850 querit
519 768 620 832 salros
642 768 760 823 iecere:
787 768 859 823 dunt
880 777 980 822 nutem
996 769 1095 824 credis
1117 768 1214 824 verbo

168 864 341 934 christi,
328 880 392 935 Jarn
416 864 550 919 honores
575 861 703 921 verbnm
726 863 809 932 ejus,
836 873 866 918 et
893 878 989 924 exeo
1008 879 1100 934 opere
1107 861 1214 932 justus

168 975 201 1014 es
232 971 290 1013 etc
411 1016 414 1021 ,
1268 1026 1274 1033 ·

236 1053 368 1121 Tertio,
392 1052 469 1111 hunc
496 1049 584 1104 fldem
606 1013 812 1127 muitipiiciter
830 1050 917 1106 nobis
940 1049 1191 1106 commendavit
1183 1065 1214 1103 m

166 1147 341 1215 Evangeiio.
368 1127 488 1204 Primo,
507 1143 625 1215 quondo
643 1143 767 1198 mulieri·
778 1140 927 1199 Cenonaeae
946 1145 1037 1201 dixit:
1056 1161 1075 1200 o
1090 1143 1218 1215 mulier,

167 1256 284 1315 rnaqrta
306 1245 351 1294 est
363 1237 449 1311 fides
472 1236 628 1306 tuu,fiut
649 1235 722 1303 tibi,
745 1234 823 1292 st‘cttt
846 1236 1008 1294 crectdtstt.
1055 1237 1113 1293 Hic
1133 1228 1221 1308 patet

168 1334 249 1425 quod
272 1332 333 1387 nori
354 1332 390 1386 de
419 1329 475 1385 fide
497 1330 545 1384 iiis
571 1331 701 1400 generali
727 1331 841 1401 egitur,
869 1332 922 1387 sed
944 1332 980 1386 de
1004 1332 1124 1403 speciali
1148 1331 1215 1402 iiia,

131 1413 139 1428 ⁰
169 1444 235 1499 quae
253 1435 316 1480 eret
333 1426 369 1479 de
389 1424 499 1479 effectu
519 1425 654 1479 sanando
673 1423 738 1480 fitia
748 1463 759 1494 ,
783 1439 873 1497 quem
887 1425 1093 1496 materpetiit.
1128 1424 1217 1479 Hunc

169 1522 249 1576 enim
267 1519 435 1574 effectum
427 1533 490 1588 ipsa
506 1517 626 1574 fortiter
632 1518 787 1587 credidit,
806 1533 895 1589 posse
916 1525 947 1572 ct
966 1518 1044 1572 velie
1060 1516 1217 1574 Christum

169 1614 306 1680 efficere,
326 1622 357 1667 et·
370 1614 415 1669 sic
429 1612 611 1683 impetravit.
646 1612 808 1684 Nunquam
821 1623 921 1666 nutem
936 1611 1139 1682 impetrasset,
1158 1611 1216 1666 nisi

168 1710 208 1764 ita
233 1708 420 1763 credidisset.
455 1706 538 1776 Ergo
562 1708 598 1762 nd
624 1708 707 1772 ltnnc
736 1707 880 1767 effectum
898 1707 977 1762 nulia
1003 1705 1215 1776 dispositione,

167 1803 306 1859 sedsoln
323 1801 380 1857 fide
400 1802 485 1883 dignu
504 1801 583 1856 fecto
602 1812 658 1857 ost.

209 1888 211 1893 ’
237 1896 395 1962 Secundo,
422 1897 540 1965 quando
569 1895 605 1949 ad
630 1910 732 1950 coecos
757 1896 826 1952 illos
850 1896 942 1953 dixit:
975 1895 1116 1961 Creditis,
1143 1894 1216 1967 qnia

165 2004 289 2058 possum
300 1989 357 2044 hoc
372 1985 453 2042 vobis
461 1985 597 2056 facere?
619 1999 650 2042 et
666 1989 724 2044 iiii:
743 1992 855 2064 utique,
874 1991 927 2046 ait:
944 1991 1023 2046 sicut
1036 1989 1215 2057 credidistis,

156 2081 226 2149 jiot
246 2078 338 2135 vobis.
380 2079 463 2151 Ecce
483 2081 559 2134 certi
584 2090 688 2148 erant,
711 2083 793 2161 quod
816 2082 928 2150 fieret,
954 2085 1035 2155 quod
1054 2083 1218 2156 petebant:

167 2175 237 2228 ideo
260 2181 291 2226 et
313 2172 510 2237 factumest,
538 2173 602 2234 sinc
624 2174 704 2228 omni
726 2173 781 2228 alin
805 2175 1012 2252 dispositione.
1059 2177 1088 2230 Si
1116 2187 1216 2231 sutem

168 2265 354 2332 dubitassent
372 2264 524 2331 iuturumt
548 2281 605 2318 nec
623 2242 778 2336 petiissent
794 2265 891 2332 bene,
908 2281 965 2319 nec
983 2268 1181 2337 accepissent.

237 2357 367 2426 Tertio,
396 2357 533 2412 'centurio
556 2358 623 2413 iiie:
652 2356 700 2412 dic
725 2367 840 2414 tantum
864 2358 1009 2426 verbum,
1038 2360 1157 2431 inquit.
1184 2369 1215 2415 et

168 2452 322 2509 sonabitur
342 2468 416 2523 puer
432 2467 535 2507 meus:
554 2469 616 2507 non
636 2452 739 2522 utique
760 2453 890 2522 generali
910 2451 985 2518 tide,
1005 2454 1058 2509 sed
1077 2455 1215 2525 speciali,

169 2546 206 2612 de
224 2547 361 2619 praesenti
381 2545 492 2599 effectu
511 2546 637 2600 credidit
655 2555 686 2601 et
704 2545 882 2618 impetravit.

177 2640 180 2645 ’
238 2639 376 2714 Quarto,
404 2637 567 2695 Joan.*1v.
596 2640 716 2707 regulus
733 2640 782 2695 iiic
803 2641 931 2696 credidit
952 2641 1103 2711 sermoni,
1127 2659 1217 2713 quem

170 2736 246 2790 dixit
262 2735 302 2790 ilii
325 2734 429 2802 desus,
448 2733 581 2788 scilicet:
601 2734 695 2803 vnde,
710 2734 804 2802 filius
821 2743 888 2790 tuus
905 2735 987 2790 vivit.
1021 2735 1145 2809 Enipea
1162 2737 1218 2793 fide

171 2830 282 2883 meruit
312 2829 404 2882 vitam
432 2815 493 2880 itti.
538 2827 584 2881 Ita
612 2830 696 2882 certe
722 2840 845 2900 oportet
872 2845 993 2884 omnem
1025 2832 1218 2886 accedentem

173 2924 319 2990 credere,
343 2938 409 2976 sese
435 2918 688 2990 consecuturum,
713 2925 797 2995 quod
821 2925 945 2995 quaerit,
974 2932 1024 2979 nni
1048 2924 1121 2980 nihii
1146 2942 1220 2979 con.

149 3051 153 3063 ⁴.
174 3017 320 3086 sequitur.
357 3048 360 3055 ·
423 3058 426 3063 .

242 3108 359 3178 Quinto
379 3110 450 3164 iilud
470 3109 570 3164 Marci
586 3110 646 3165 XI:
665 3126 754 3164 amen
770 3107 836 3164 dtco
851 3107 953 3177 robis,
971 3110 1114 3185 quicquid
1127 3128 1221 3166 ornn-

172 3209 217 3256 ter
238 3202 406 3270 petieritis.
440 3204 576 3272 credite„
591 3204 665 3276 quia
692 3202 860 3272 accipietis,
890 3203 991 3272 etfiet
1013 3203 1103 3260 νοόίε.
1137 3205 1220 3261 Ecce

173 3298 264 3351 dicite
294 3298 453 3367 quicquid,
480 3297 554 3351 nihil
583 3296 771 3368 excipiendo.
816 3295 906 3352 Patet
928 3308 1052 3365 sutem,
1082 3301 1163 3370 quod
1190 3301 1221 3356 in

174 3399 363 3444 sacramento
386 3389 523 3459 quolibet
540 3393 669 3460 petimus
687 3389 795 3461 aliquid
821 3388 932 3453 (nemo
951 3390 1030 3445 enim
1051 3407 1221 3447 sacramen.

174 3493 239 3537 tum
264 3483 394 3549 accedit,
422 3484 477 3537 nisi
505 3465 855 3557 grstiampetiturus):
890 3483 958 3537 ideo
982 3482 1034 3539 hic
1058 3487 1220 3544 audiendus

116 3581 119 3588 '
175 3589 221 3641 est
249 3576 388 3632 Christus
412 3578 532 3633 dicens:
558 3579 689 3648 credite,
713 3576 794 3650 quod
813 3577 984 3651 accipietis,
1012 3577 1110 3647 etfiet
1127 3571 1220 3637 vobis.

114 3737 116 3739 ¹
175 3671 298 3742 Atioqni
317 3671 415 3725 omnia
434 3683 572 3726 nutarent
589 3673 618 3727 in
636 3671 788 3743 Ecclesia,
812 3682 843 3728 et
857 3672 938 3731 nihii·
952 3674 1028 3730 certi
1047 3683 1220 3746 constaret,

175 3768 259 3840 pund
279 3775 325 3821 est
343 3764 616 3836 absurdissimum.¹

205 4109 209 4116 ,
231 4061 264 4121 iti
291 4056 397 4115 durii.
416 4058 541 4124 dignitate.
