2574 4732
164 322 226 398 498
651 319 742 386 1520.

162 500 228 540 non
250 480 436 537 meminisse.
477 477 518 534 Et
540 495 710 550 quanquam
733 477 832 550 impiis
851 476 1056 534 adulatoribus
1083 477 1165 547 tuis,
1194 480 1230 535 in

162 594 212 632 me
232 576 296 631 sine
314 591 402 630 causa
423 573 634 634 saevientibus,
660 583 787 628 coactus
809 573 918 627 fuerim
931 571 967 640 ⁸)
987 589 1003 626 a
1021 573 1092 628 sede
1113 590 1166 628 rua
1186 576 1229 629 ad

164 671 300 725 futurum
320 682 491 739 provocare
511 666 695 735 concilium,
715 666 789 721 nihil
810 649 924 720 veritus
938 666 985 721 Pii
1004 677 1036 720 et
1052 664 1127 720 Julii
1153 678 1229 721 tuo.

161 776 230 818 rum
240 761 498 833 praedecessorum
508 758 684 814 vanissimas
699 760 951 827 constitutiones,
970 760 1000 814 id
1016 761 1114 830 ipsum
1128 761 1227 815 stulta

160 855 316 927 tyrannide
334 852 578 926 prohibentium:
599 868 660 906 non
678 861 777 907 tamen
796 867 928 926 uuquam
945 853 1067 906 interim
1085 851 1227 906 animum

160 964 264 1003 meum
288 964 305 1002 a
325 955 378 1025 tua
401 945 591 1002 Beatitudine
616 945 662 1001 sic
685 945 829 1012 alienavi,
857 955 890 1000 ut
915 960 976 1000 non
1002 945 1074 999 totis
1100 945 1225 1002 viribus

160 1041 274 1113 optima
296 1056 422 1113 quasque
442 1039 496 1099 tibi
518 1038 642 1110 sedique
662 1048 720 1094 tuae
743 1039 892 1110 optarim,
920 1039 1086 1110 eademque
1104 1039 1226 1096 sedulis

160 1132 302 1207 atqueb)
330 1142 474 1205 quantum
497 1132 528 1187 in
555 1146 604 1186 ma
630 1131 709 1200 luit,
742 1131 941 1200 gemebundis
968 1131 1111 1201 precibus
1139 1133 1225 1204 apud

123 1245 125 1249 ·
157 1227 261 1284 Deum
282 1226 462 1298 quaesierim.
496 1224 591 1296 Atqui
613 1240 683 1294 eos,
708 1225 759 1296 qui
779 1240 829 1279 ma
849 1225 1020 1281 autoritatis
1036 1234 1065 1279 et
1083 1225 1223 1281 nominis

86 1326 90 1333 ’
158 1322 202 1376 tui
223 1318 377 1390 majestate
392 1318 539 1374 hactenus
554 1328 672 1373 terrere
692 1317 792 1373 conati
809 1327 898 1388 sunt,
916 1336 999 1390 paene
1018 1329 1224 1375 contemnere

158 1428 194 1468 ac
208 1412 396 1484 triumphare
412 1412 500 1483 coepi.
535 1410 636 1466 Unum
654 1427 813 1482 superesse
835 1400 944 1478 video,
973 1417 1055 1482 quod
1076 1422 1224 1466 contem.

157 1520 231 1560 nere
255 1522 316 1562 nou
337 1520 483 1578 possum,
510 1521 577 1577 quas
596 1520 686 1561 causa
707 1506 780 1574 luit,
807 1515 844 1560 ut
867 1508 965 1561 denuo
987 1505 1160 1560 scriberem·
1179 1508 1221 1562 ad

157 1609 240 1655 tuam
255 1598 492 1655 Beatitudinem:
519 1599 585 1655 baec
602 1611 670 1668 est,
698 1600 778 1670 quod
800 1600 938 1655 accusari
958 1615 1007 1653 me
1017 1639 1027 1667 ,
1056 1609 1085 1652 et
1103 1615 1220 1668 magno

157 1693 235 1748 verti
259 1693 333 1748 mihi
359 1692 434 1748 vitio
461 1692 595 1761 intelligo
619 1709 718 1748 meam
742 1693 964 1758 temeritatem,
995 1709 1052 1763 qua
1079 1707 1137 1747 nec
1154 1701 1220 1748 tuae

137 1800 294 1858 xpersonae
311 1786 484 1858 pepercisse
497 1785 632 1855 judicor.

225 1877 292 1949 Ego
314 1895 408 1947 vero,
426 1886 460 1935 ut
478 1896 544 1934 rem
562 1890 665 1950 aperte
686 1881 850 1952 confitear,
870 1883 1012 1937 conscius
1031 1879 1105 1963 mihi
1124 1897 1217 1952 sum,

156 1972 331 2044 ubicunque
347 1981 404 2028 tuae
422 1989 559 2046 personas
576 1975 749 2033 meminisse
765 1977 921 2049 oportuit,
939 1993 999 2032 non
1021 1976 1076 2031 nisi
1098 1980 1221 2045 magni.

98 2050 103 2059 ¹
156 2066 214 2123 lica
240 2056 271 2122 et
295 2053 410 2140 optima
431 2068 468 2123 de
492 2075 521 2122 te
544 2067 666 2125 dixisse.
714 2070 742 2126 Si
767 2087 842 2126 vero
864 2086 881 2123 a
903 2087 952 2125 me
978 2085 1066 2125 sevus
1096 2070 1219 2126 iactum

155 2168 254 2228 esset,
279 2161 406 2232 ipsemet
429 2160 520 2216 nullis
536 2161 641 2239 *modis
664 2163 795 2235 probare
816 2179 959 2236 possem,
985 2172 1015 2216 et
1031 2161 1155 2217 illorum
1177 2166 1218 2220 de
1240 2229 1244 2236 ‚

153 2246 364 2320 mejudicium
385 2253 467 2308 omni
487 2254 605 2309 calculo
623 2255 779 2325 juvarem,
803 2256 938 2327 nihilque
959 2256 1100 2311 libentius
1121 2273 1219 2326 quam

153 2344 333 2416 palinodiam
350 2342 441 2412 hujus
457 2346 637 2401 temeritatis
655 2355 685 2401 et
703 2349 863 2419 impietatis
880 2364 954 2402 meae
972 2363 1124 2402 caverem.
1149 2353 1220 2424 Ap.

98 2503 102 2510 ¹
154 2438 262 2513 pellavi
283 2447 314 2493 te
331 2436 490 2491 Danielem
508 2436 538 2491 in
560 2438 732 2508 Babylone,
762 2452 791 2496 et
811 2443 1014 2497 innocentiam
1034 2450 1117 2496 tuam
1138 2445 1217 2500 insi.

154 2550 243 2605 gnem
262 2534 405 2588 adversus
424 2532 695 2588 contaminatorem
713 2544 799 2590 tutum
815 2534 997 2590 Silvestrum
1015 2552 1104 2604 quam
1124 2555 1215 2605 egre.

92 2656 94 2663 v
153 2630 203 2699 gio
223 2627 321 2684 studio
339 2634 452 2682 tutatus
469 2627 541 2694 sim,
561 2626 658 2698 quivis
675 2628 774 2683 lector
788 2629 925 2697 intelligit
937 2629 1068 2703 abunde:
1089 2632 1214 2689 scilicet

153 2722 336 2778 celebratior
358 2731 388 2776 et
411 2722 565 2789 augustior
590 2722 682 2777 estin
705 2724 786 2778 omni
808 2734 957 2777 terrarum
977 2724 1051 2778 orbe
1072 2734 1118 2778 tot
1143 2736 1212 2782 tan.

152 2826 255 2873 torum
280 2817 417 2870 virorum
441 2817 536 2871 literis
557 2824 676 2875 cantata
694 2818 815 2888 opinio,
841 2827 871 2871 et
890 2819 958 2871 vitus
976 2828 1032 2871 tuae
1051 2819 1210 2889 inculpatas

153 2911 248 2979 famu,
271 2924 361 2981 quam
380 2919 415 2963 ut
438 2927 454 2964 a
476 2913 584 2981 quovis
607 2913 654 2966 vel
675 2911 798 2966 maximi
823 2912 952 2965 nominis
979 2913 1075 2983 possit
1095 2915 1208 2982 ,quavis

152 3015 216 3058 arte
237 3004 351 3075 impeti.
386 3003 457 3058 Non
476 3020 543 3058 sum
563 3014 623 3058 tam
642 3005 770 3072 stultus,
789 3013 823 3057 ut
842 3021 910 3057 eum
929 3005 1092 3070 incessam,
1113 3023 1206 3076 quem

150 3097 250 3151 nullus
271 3113 333 3152 non
359 3096 472 3152 laudat:
500 3097 572 3168 quin
595 3108 625 3152 et
644 3101 702 3154 mei
724 3099 813 3154 studii
834 3099 907 3161 fuit,
932 3100 1047 3168 eritque
1067 3115 1206 3169 semper,

150 3207 209 3244 nec
234 3199 295 3244 eos'
313 3191 481 3251 incessere,
508 3209 585 3262 quos
603 3193 722 3262 publicu
745 3194 822 3246 fama
844 3192 943 3246 loedut.
980 3192 1100 3246 Nullius
1123 3194 1205 3248 enim

150 3283 288 3337 delector
306 3284 448 3353 crimine,
468 3288 517 3356 qui
536 3296 566 3340 et
586 3287 651 3357 ipse
667 3287 739 3341 mihi
756 3287 827 3341 sutis
848 3286 988 3339 conscius
1007 3301 1071 3341 sum
1088 3302 1204 3355 tungnae

149 3374 244 3430 trabis
267 3391 341 3428 meae
367 3377 396 3429 in
428 3379 518 3433 oculo
546 3398 632 3446 meo,
660 3398 716 3436 nec
736 3381 849 3452 primus
869 3395 935 3434 esse
956 3395 1081 3451 queam,
1101 3380 1156 3450 qui
1172 3381 1203 3436 in

149 3469 312 3524 adulteram
327 3464 361 3533 ο)
381 3469 509 3539 lapidem
529 3475 636 3529 mittat.

219 3562 427 3617 Commuuiter
452 3565 572 3633 quidem
599 3568 629 3622 iu
652 3563 756 3640 impias
784 3565 937 3621 doctrinas
966 3567 1104 3621 invectus
1130 3584 1201 3624 sum

144 3657 278 3726 acriter,
296 3665 326 3711 et
348 3656 551 3725 adversarios,
571 3677 633 3714 non
651 3663 692 3717 ob
714 3662 809 3717 rualos
827 3676 946 3729 mores,
964 3663 1017 3717 sed
1037 3658 1077 3715 ob
1093 3660 1200 3733 impio.

147 3808 671 3833 ῥ--Ι-Ρ-ι-

199 3904 231 3949 ι)
258 3897 364 3946 Auris.
383 3898 428 3946 fui.

194 3975 228 4027 b)
257 3977 409 4024 Auriter.

139 4112 142 4118 ,
202 4061 234 4107 c)
262 4056 490 4107 sartulreram.
