2574 4732
103 301 161 421 set
585 345 675 410 1521.

102 511 133 567 in
153 509 232 566 diem
252 506 344 581 magis
368 501 466 560 causis
488 518 555 560 sese
577 514 686 559 mutuo
715 502 905 574 gignentibus
934 496 1061 562 differre
1088 506 1173 564 cos.'

101 589 311 661 ctus'tuerim:
332 599 434 655 nescio
452 597 500 652 cui
517 596 640 652 reierrs
650 595 776 651 debeam
795 608 964 669 acceptum.
999 592 1165 658 Judicesti

99 679 266 769 tuoptimo
286 694 406 765 quidem
423 691 569 765 consilio,
593 699 628 746 ut
647 689 827 761 posthabitis
843 693 969 762 rixosis,
1000 695 1164 752 murdach

98 791 156 847 bus
177 777 211 844 et
233 773 414 852 turbulentis
428 778 669 856 scriptionibus,
696 783 805 856 quibus
817 785 881 856 jam
900 786 1020 843 tertium
1040 803 1165 844 sunum·

97 884 232 956 perdidi,
258 869 352 942 sacris
374 889 403 935 et
429 879 553 952 placidis
566 878 889 949 'studirsinservirem
914 889 944 936 et
956 881 1049 951 juxta
1068 881 1160 959 Pssl,

97 977 165 1033 terii
183 975 349 1031 elucidandi
364 973 499 1029 laborem
514 972 720 1029 enarrationes
736 971 941 1044 Epistolarum
961 985 991 1030 et
1008 973 1160 1046 Evange-

97 1071 224 1134 tiorum,
245 1084 320 1140 quas
337 1067 428 1136 vulgo
447 1066 582 1138 postillae
600 1075 728 1132 vocant,
752 1082 809 1137 pro
830 1066 920 1135 vulgo
938 1077 1099 1137 pastorum
1123 1081 1159 1127 et

96 1162 292 1236 populorum
304 1157 510 1215 elaborarem·
541 1168 624 1214 ratus
650 1158 709 1212 huc
740 1161 857 1213 ratione
886 1161 976 1230 iore,
1005 1172 1041 1216 ut
1068 1153 1159 1220 mole

95 1257 210 1317 horum
229 1268 355 1326 operum
382 1261 572 1323 occupatus,
597 1250 645 1305 vel
673 1250 773 1306 invitis
804 1234 1004 1323 adversariis,
1040 1273 1155 1330 pacem

41 1410 44 1421 y
94 1347 250 1421 haberem.
295 1343 344 1400 Sic
367 1344 445 1399 enim
466 1353 512 1400 est
529 1344 681 1414 ingenium
701 1355 808 1413 tuum,
839 1348 1004 1401 secundum
1032 1365 1154 1405 nomen

94 1450 181 1495 tunm
202 1437 380 1528 pumicum,¹
403 1447 435 1492 ut
458 1454 519 1493 nou
541 1437 681 1494 obscuris
700 1455 756 1492 nec
775 1439 849 1494 raris
868 1442 1064 1528 argumentis
1072 1445 1158 1502 milri

94 1519 277 1606 declararis,
310 1547 400 1609 quam
418 1531 548 1587 molesto
574 1532 653 1587 ieras
674 1532 774 1587 suimo
793 1537 1003 1598 contentiones
1029 1538 1097 1594 ilias
1119 1553 1153 1598 et

93 1625 274 1697 quaestiones
294 1624 331 1680 de
349 1623 415 1678 isne
433 1622 539 1696 (quod
564 1625 665 1696 ajunt)
691 1625 810 1694 caprina
839 1625 946 1694 (liceat
970 1631 1054 1686 enim
1071 1633 1150 1691 milri

93 1720 138 1775 sic
157 1726 350 1775 contemnere
366 1717 521 1787 magnilica
539 1718 730 1789 illaquaetus
747 1721 942 1778 ecclesiastici
960 1727 1149 1798 certamine,

93 1821 209 1866 etcum
227 1810 383 1884 Propheta
399 1811 555 1867 Bethsven
574 1830 590 1867 e
608 1810 715 1867 bethel
735 1811 866 1880 lacere).

161 1905 218 1962 Sed
233 1916 263 1961 et
276 1907 403 1977 ipsemet
421 1921 483 1960 non
499 1905 586 1961 iscile
607 1907 754 1976 dixerim&
773 1924 860 1979 qnam
878 1909 988 1966 invitus
1006 1911 1061 1968 his
1080 1924 1148 1970 tur.

90 1999 138 2056 bis
157 1999 308 2071 jactatus,
336 2009 367 2056 et
389 2016 405 2054 a
427 2001 503 2056 meis
526 2000 633 2057 studiis
654 2002 775 2056 evulsus
799 2001 927 2070 iuerinr,
950 2015 984 2059 ut
1006 2010 1092 2064 cerni
1114 2021 1148 2066 et

91 2094 226 2162 sanguini
245 2111 315 2149 meo
333 2110 394 2150 non
413 2095 564 2164 potuerim
581 2095 699 2167 penitus
715 2096 879 2166 imperare,
898 2098 969 2169 quin
990 2097 1147 2171 impos-tu.

87 2203 143 2243 uas
170 2188 242 2243 istus
264 2185 476 2258 improborum
502 2189 701 2259 procacitates
723 2190 859 2260 asperius
880 2206 968 2261 quam
993 2209 1052 2264 pro
1072 2197 1148 2253 reli.

89 2276 227 2350 gione2)
255 2280 400 2338 modestia
427 2289 600 2335 tractarem.
645 2281 755 2353 inqua
777 2298 827 2351 re,
855 2292 966 2338 utnon
987 2286 1144 2356 deprecor

89 2372 225 2443 cuipam,
245 2371 292 2442 *its
315 2368 389 2424 mihi
409 2372 526 2424 reniam
549 2387 609 2426 non
630 2376 730 2442 negari
750 2391 839 2445 spero
858 2375 895 2430 ub
916 2378 991 2441 ullo,
1013 2383 1064 2450 qui
1080 2368 1142 2436 ssi.

88 2476 150 2523 tem
169 2465 377 2537 perpenderit,
402 2475 530 2536 quantos
551 2464 670 2521 Leones
688 2465 804 2537 Moab,
831 2480 960 2540 quantos
980 2473 1141 2534 Rabssces

89 2562 308 2630 Assyriorum,
337 2570 465 2631 quantos
492 2560 618 2630 deniqne
649 2572 792 2616 extremae
813 2563 977 2620 virulentiae
998 2567 1142 2628 Semeios

87 2672 165 2711 uuus
184 2673 241 2725 ego
260 2665 321 2711 tam
339 2656 389 2711 diu
407 2655 554 2710 sustinere
573 2657 746 2727 compulsus
765 2658 890 2727 fuerim,
907 2661 1009 2715 meist
1023 2665 1142 2721 multo.

87 2765 156 2804 rum
177 2750 315 2820 lactura,
342 2750 452 2820 quibus
470 2752 499 2805 in
518 2750 612 2806 verbo
631 2749 690 2805 Dei
708 2752 852 2822 prodesse
872 2754 1048 2823 potuissem.
1086 2760 1142 2817 Sic

87 2854 186 2899 tamen
211 2845 241 2899 in
265 2845 313 2898 his
331 2844 472 2914 procellis
490 2844 644 2900 fluctuavit
662 2846 775 2900 animus
793 2861 898 2917 meus,
923 2856 955 2901 nt
977 2864 1141 2923 nunquam

85 2939 279 3009 desponderit
296 2933 333 3001 b)
358 2953 442 3008 spem
460 2940 611 3008 potiundae
628 2937 786 3009 aliquando
805 2941 905 3010 pacis,
929 2959 989 3012 quo
1010 2959 1137 3003 morem

86 3042 144 3085 tuae
169 3030 344 3086 eelsitudini
364 3046 517 3098 gererem:
544 3048 598 3102 per
617 3049 706 3102 quam
723 3031 885 3101 Evangelio
904 3033 1028 3106 Christi,
1049 3045 1136 3110 quod

86 3124 214 3212 dubitari
235 3142 301 3179 nou·
315 3135 439 3196 potest,
458 3141 520 3180 non
538 3140 642 3193 purum
661 3127 787 3180 contulit
806 3127 1011 3184 misericordia
1032 3133 1105 3190 Dei.

154 3219 195 3272 At
213 3235 283 3273 cum
302 3220 418 3273 videam
437 3236 518 3274 nunc
536 3236 619 3290 spem
638 3236 734 3274 meam
753 3221 844 3276 fuisse
863 3240 978 3278 merum
995 3223 1135 3286 hominis

82 3312 247 3378 cogitatum
271 3325 300 3364 et
320 3312 455 3382 quotidie
474 3314 534 3368 aito
557 3313 628 3369 huic
648 3315 722 3367 mari
739 3331 847 3384 magno
869 3317 954 3372 altius
970 3317 1136 3392 involvar,

82 3388 267 3476 reptilibus
260 3407 441 3472 rnnumeris,
466 3407 640 3462 animalibus
662 3411 775 3476 magnis
796 3426 865 3463 cum
889 3412 987 3480 parvis
1003 3426 1133 3474 mutuas

81 3501 161 3553 vires
180 3513 210 3553 et
228 3512 334 3567 operas
347 3497 558 3566 jungentibus:
578 3503 665 3556 simul
688 3505 775 3558 video
796 3505 858 3571 spei
882 3504 940 3558 mei
958 3508 1132 3566 tentatione

79 3593 215 3647 satanam
232 3591 308 3646 aliud
328 3590 399 3645 nihil
420 3594 611 3662 quaesivisse,
630 3613 717 3664 quam
739 3607 771 3650 ut
788 3611 877 3650 sensu
894 3599 1031 3654 vanitatis
1049 3615 1131 3661 mea

74 3687 244 3752 distentus,
263 3685 382 3738 tandem
402 3685 431 3738 in
450 3696 547 3739 totum
569 3688 605 3741 ab
625 3690 761 3742 instituto
780 3704 849 3743 meo
870 3690 981 3746 alienus
999 3691 1128 3767 fierem,

78 3790 110 3835 et
127 3791 194 3841 ante
213 3780 399 3849 migrandum
417 3789 495 3833 esset
514 3780 541 3833 iu
561 3780 764 3851 Babylonem,
784 3800 873 3855 quam
892 3801 964 3841 mess
982 3786 1129 3850 Hieroso.

77 3905 590 3929 ,-..--.--..-

130 3983 159 4027 a>
171 4030 177 4051 ·
187 3978 259 4026 Μ.
274 3976 409 4035 religionis.

130 4057 160 4108 b)
187 4058 202 4110 J
210 4069 253 4103 en.
268 4056 433 4114 desponderis.
