2574 4732
155 299 211 366 tet
631 295 720 360 rste.
792 246 797 252 ’

150 473 221 513 mro
240 465 269 511 et
287 454 477 512 conscientias
490 468 582 522 meae,
599 463 630 509 et
648 471 710 509 non
729 467 838 525 ponam
855 451 1001 507 maculam
1020 452 1051 508 in
1070 453 1199 523 gloriam

151 566 268 606 memn:
297 552 394 605 donec
413 560 512 605 autem
539 549 586 602 illa
604 559 687 602 certa
705 548 828 602 scientia
850 547 948 601 lucem
966 547 1058 616 fugit,
1085 559 1116 602 et
1136 564 1199 602 uon

151 647 206 700 nisi
228 661 304 698 voce
323 654 438 698 tantum
460 643 584 715 prodit,
603 642 674 696 nolo
690 640 720 695 in
733 639 874 696 tenebras
889 640 1055 710 confidere,
1076 642 1197 713 quando

152 755 209 792 nec
233 740 284 793 lux
304 739 375 792 artis
397 748 460 793 tuta
478 746 533 793 est.
569 737 616 792 Sic
635 735 713 789 enim
729 750 785 802 ego
805 735 1034 804 responderem,
1051 735 1198 806 Princeps

152 832 365 888 illustrissime.
401 831 513 886 Verum
536 846 592 885 nec
616 830 743 884 doctore
760 844 817 882 nec
838 829 961 883 consule
980 841 1048 899 eget
1062 831 1200 885 illustris.

154 927 229 980 sima
248 940 296 980 tua
316 925 480 996 prudentia.
516 923 595 980 Nam
615 938 722 977 crassae
737 922 799 975 ista'
816 920 960 976 ltelitates
982 923 1035 987 (ut
1053 923 1096 978 sic
1114 924 1198 978 dixe.

154 1020 237 1085 rim)
256 1033 285 1073 et
303 1018 509 1074 Romanitrtes
523 1018 585 1087 jam
605 1016 705 1088 pueris
725 1031 846 1086 qttoque
864 1026 991 1071 cantatas
1010 1027 1088 1071 sunt.

242 1112 332 1167 Nune
346 1112 461 1182 judicet
481 1109 679 1165 illustrissima
695 1107 870 1161 Dominatio
891 1118 960 1174 tue,
986 1110 1055 1180 quid
1076 1108 1199 1181 amplius

154 1205 255 1279 fucere
276 1203 364 1259 debui
388 1214 438 1258 eut
459 1201 565 1257 debeo.
602 1200 662 1256 Per
684 1199 816 1270 pericula
837 1209 918 1254 tants
939 1202 1007 1257 vitas
1028 1212 1057 1257 et
1077 1203 1199 1269 salutis,

154 1311 261 1355 eontra
280 1298 415 1352 omnium
434 1293 598 1349 amicorum
616 1294 776 1348 consilium
795 1295 969 1364 comparui,
1004 1305 1038 1373 ut
1057 1308 1088 1350 et
1108 1297 1200 1351 hodie

155 1392 270 1452 dicant,
296 1406 345 1444 me
367 1406 427 1445 non
449 1389 541 1443 luisse
562 1388 726 1456 obligatum
746 1403 939 1458 comparere:
969 1389 1075 1444 deinde
1096 1406 1200 1445 coram

156 1483 409 1540 reverendissimo
431 1483 569 1537 Domino
596 1480 710 1550 Legato
733 1482 847 1537 reddidi
871 1482 1018 1536 rationem
1047 1484 1200 1538 dictorum

156 1594 307 1634 meorum.
343 1577 485 1633 Poteram
508 1577 636 1645 legitima
660 1574 799 1631 libertate
819 1592 910 1630 unum
930 1576 1057 1630 verbum
1074 1592 1201 1646 respon.
1269 1610 1277 1617 -

112 1727 114 1735 ,
155 1673 252 1735 disse,
285 1688 341 1725 uec
365 1687 411 1725 tne
436 1671 465 1727 iu
488 1671 615 1741 aliquam
637 1671 886 1725 examinationem
907 1673 994 1727 dare:
1014 1671 1199 1739 praesertim,

154 1782 224 1821 cunt
255 1767 462 1821 resolutiones·
480 1779 553 1844 meae
581 1776 681 1820 essent
705 1763 812 1819 oblatae
836 1773 865 1818 et
889 1763 1058 1833 significatas
1081 1779 1200 1817 summo

155 1859 315 1924 Pontifici,
342 1861 403 1925 itu,
428 1870 462 1914 ut
481 1860 516 1914 td
535 1875 584 1913 me
602 1861 674 1914 nihil
693 1861 858 1932 pertineret
876 1858 941 1913 haec
962 1874 1068 1925 causa,
1094 1859 1150 1912 nisi
1168 1865 1203 1912 ut

157 1965 353 2024 expectarem
371 1952 557 2007 sententiam.
600 1951 679 2006 Nam
704 1953 734 2007 in
759 1952 917 2008 arbitrium
941 1952 1122 2008 Ecclesiae
1153 1968 1202 2005 me

157 2046 332 2099 translatum
345 2045 408 2114 jam
428 2060 640 2114 reposcerem,
672 2056 817 2100 ettamen
838 2046 879 2101 ob
902 2049 1101 2101 reverentiam
1118 2063 1204 2100 reve.

156 2139 326 2192 rendissimi
352 2138 474 2192 Domini
503 2137 604 2202 Legati
632 2152 736 2206 passus
761 2154 827 2192 sutu
855 2139 931 2192 ultra
952 2140 1017 2192 ltaec
1042 2155 1090 2192 me
1114 2140 1203 2192 etiam

157 2230 331 2284 examinari.
375 2229 447 2283 Nou
475 2246 531 2295 ego
558 2228 761 2283 fraudulentus
790 2229 850 2292 fui,
885 2231 937 2284 sed
960 2231 1021 2283 vim
1034 2230 1201 2299 justissime

155 2323 267 2378 timore
293 2320 449 2375 declinavi.
490 2319 574 2375 Nihil
599 2336 647 2375 me
674 2322 811 2377 omisisse
839 2323 944 2390 video,
970 2323 1027 2379 niti
1052 2337 1107 2376 sex
1130 2324 1202 2391 istas

157 2415 277 2483 literas,
296 2417 424 2471 Revoco.

229 2509 376 2563 Caeterum
393 2511 548 2574 damnent,
568 2509 712 2577 doceant,
731 2497 980 2582 interpretentur,
999 2511 1047 2564 vel
1063 2526 1205 2563 reveren.

160 2605 299 2660 dissimus
320 2604 469 2658 Dominus
487 2603 632 2672 Legatus,
659 2605 707 2658 vel
726 2606 788 2676 ipse
807 2621 942 2660 summus
962 2605 1120 2660 Pontifex:
1144 2621 1205 2658 non

162 2710 262 2754 autem
287 2680 387 2753 dic'aut
414 2698 530 2764 solum,
559 2699 682 2764 errasti,
713 2700 789 2754 male
808 2700 930 2762 dixisti,
958 2700 1010 2753 sed
1033 2699 1061 2752 in
1085 2699 1206 2768 scriptis

162 2778 280 2862 signent
306 2807 464 2857 errorem,
496 2789 625 2861 probent
652 2793 727 2847 male
757 2793 889 2860 dictum,
920 2794 1087 2858 rationem,
1117 2807 1208 2860 quam

159 2885 281 2952 babent,
296 2886 429 2953 reddant,
444 2885 607 2942 dissolvant
622 2885 789 2956 Scripturas
807 2903 821 2938 a
840 2902 887 2940 me
903 2887 1047 2951 inductas,
1069 2886 1207 2952 doceant,

162 2981 241 3034 sicut
252 2983 383 3049 jactant,
402 2980 503 3034 verbis
522 2996 587 3035 sese
602 2981 888 3047 fecisse,'instruaut
907 2981 1009 3034 doceri
1026 2965 1206 3049 cu‘pientem,

162 3083 331 3143 petentem,
363 3073 529 3139 volentem,
556 3083 783 3144 expectantem,
812 3090 876 3143 quae
899 3069 955 3126 nec
974 3072 1095 3127 Turcus
1113 3072 1207 3126 homo

163 3165 237 3219 mihi
261 3176 393 3234 negaret.
431 3165 485 3222 Ubi
506 3167 611 3223 videro
630 3167 714 3221 aliter
733 3167 935 3235 intelligenda,
955 3181 1044 3235 quam
1062 3167 1207 3227 intellexi,

164 3256 190 3314 sl
207 3270 280 3313 tunc
299 3275 359 3313 non
379 3264 583 3327 r'evocavcro,
607 3266 637 3312 et
655 3275 703 3314 me
724 3261 820 3330 ipsum
846 3276 907 3314 non
926 3260 1127 3330 damnavero,
1146 3261 1210 3318 illu.

165 3352 312 3409 strissime
330 3352 491 3421 Princeps:
512 3363 561 3407 tua
575 3352 729 3408 celsitudo
743 3353 782 3408 sit
800 3353 913 3424 prima,
930 3370 995 3425 quaa
1013 3364 1210 3424 persequatur

165 3461 234 3513 me,
253 3446 381 3515 expellat
402 3461 463 3500 me:
493 3446 622 3501 obruant
640 3463 689 3501 me
711 3446 765 3503 viri
786 3446 954 3501 Academias
973 3455 1100 3501 nostrae:
1127 3448 1211 3501 deni.

168 3554 226 3610 que
243 3539 351 3593 coelum
370 3548 400 3593 et
418 3520 529 3593 terram
552 3551 657 3596 contra
676 3556 725 3595 me
746 3541 876 3608 invoco,
895 3541 1057 3611 perdatque
1076 3556 1125 3594 mc
1147 3540 1209 3610 ipse

165 3634 319 3690 Dominus
344 3642 429 3688 meus
461 3633 551 3689 decus
579 3635 728 3691 Christus.
776 3633 902 3704 Loquor
926 3644 954 3688 et
982 3650 1038 3702 ego
1067 3649 1107 3688 ex
1127 3645 1212 3689 certa

168 3729 310 3797 scientia,
330 3739 360 3783 et
380 3745 440 3785 aon
458 3744 498 3783 ex
514 3727 713 3798 opinionibus.
740 3728 822 3783 Nolo
838 3728 911 3784 mihi
927 3728 1092 3784 Dominum
1108 3728 1211 3783 Deum

168 3826 285 3898 ipsum,
311 3823 383 3879 nolo
413 3823 501 3877 ullam
524 3833 692 3878 creaturam
714 3823 774 3879 Dei
797 3824 870 3881 mihi
893 3824 959 3880 fore
984 3824 1162 3896 propitiam,
1186 3825 1211 3880 si

170 3921 297 3979 edoctus
314 3919 439 3979 meliora
457 3929 578 3976 secutus
596 3933 656 3974 nott
675 3916 774 3978 fuero.
