2574 4732
565 320 654 385 tntu.
1067 314 1124 380 521

525 474 677 531 Jesna.
751 506 761 530 ι

85 605 238 701 Salutem.
271 640 314 697 Et
334 656 390 711 ego
413 592 532 709 miror,
553 638 625 711 quid
643 635 833 702 intercedat,
863 642 897 690 ut
921 636 1022 693 literae
1044 653 1128 695 meaa

86 753 149 793 non
166 735 315 806 accipias,
333 735 375 790 mi
389 734 545 805 spalatine.
582 731 633 786 Bia
651 730 731 787 enim
749 729 872 800 scripsi,
898 740 929 785 et
946 729 1019 785 nihii
1040 732 1076 788 ad
1095 741 1127 789 te

86 830 259 903 perenniter
284 828 392 885 centio.
429 826 556 883 Gaudeo
581 833 612 882 tc
641 823 799 895 aliquando
823 823 925 879 videre
950 840 1039 880 vanae
1059 841 1128 898 spec

88 915 333 998 Germanorum,
351 930 385 976 nt
403 921 500 976 discat
517 936 579 976 non
598 917 749 974 confidere
761 916 791 972 in
805 915 1007 986 Principibus,
1027 927 1057 974 et
1077 920 1129 976 de.

87 1020 167 1074 sinan
182 1018 312 1090 pendere
330 1013 487 1086 injudicio
503 1015 681 1077 hominum,
699 1010 749 1082 qui
766 1010 913 1066 mentire
930 1010 1049 1066 landant
1064 1013 1129 1068 aive

88 1113 237 1168 domnam.
285 1109 479 1178 Evangelium
494 1108 528 1164 ni
556 1115 636 1163 caret
660 1104 719 1159 tale
732 1143 741 1172 ,
772 1103 855 1175 quod
877 1103 1080 1173 potentatibus
1094 1103 1129 1174 ²)

87 1205 263 1267 mnndiant
284 1212 501 1276 propagaretur
519 1182 569 1257 aut
587 1203 776 1262 mntetur,
802 1214 864 1255 non
882 1198 954 1254 illud
971 1199 1132 1271 piscatori.

87 1298 146 1356 bua
159 1298 246 1355 Deus
263 1298 480 1354 demandasset.
774 1280 778 1286 ⁴
806 1280 809 1284 Δ

156 1391 230 1448 Non
246 1399 308 1459 est,
318 1392 366 1447 mi
385 1389 548 1462 Spaiatine,
565 1387 741 1468 Principum
759 1381 897 1444 et'iotina
913 1388 1012 1444 oraculi
1028 1388 1132 1446 Ponti.

90 1485 181 1542 ficum
203 1486 281 1542 tueri
293 1485 431 1540 ¹uerbum
448 1483 530 1551 Dei,
554 1499 611 1538 nec
628 1499 663 1540 ea
682 1481 776 1553 gratia
791 1480 923 1537 ullorum
934 1490 1012 1556 *peto
1030 1483 1132 1556 preat.

89 1580 190 1648 dium,
208 1594 278 1635 cum
292 1579 393 1651 potina
411 1584 550 1650 oporteat
565 1593 618 1633 cos
634 1577 774 1634 assistere
789 1574 846 1632 aibi
862 1577 1133 1645 adveranrflomi.

88 1690 162 1729 num
187 1682 217 1727 et
241 1673 386 1728 adversus
414 1670 569 1728 Christum
591 1670 668 1741 ejua.
709 1668 802 1744 Quod
827 1686 902 1740 ago,
936 1670 1005 1727 ideo
1030 1666 1131 1744 potina

89 1782 165 1837 ago,
187 1774 225 1822 ut
241 1767 297 1839 ipsi
316 1781 371 1821 auo
391 1766 420 1819 iu
438 1781 487 1820 me
506 1764 604 1820 officio
624 1761 752 1820 verbum
766 1762 829 1819 Dei
847 1764 1077 1834 demereantur,
1101 1776 1133 1823 ct

89 1861 164 1916 calvi
187 1859 257 1915 fiant
273 1875 331 1931 per
349 1858 430 1914 iliud.
466 1858 583 1915 Horum
602 1867 703 1913 autem
721 1857 934 1924 meminerat,
962 1857 1013 1930 qui
1033 1861 1133 1937 nudie

89 1963 161 2009 runt
185 1962 217 2009 et
238 1961 461 2022 cognoverunt.
504 1952 585 2009 Nam
616 1952 637 2006 ii
666 1967 728 2006 non
753 1958 881 2020 possunt
907 1950 972 2005 cine
999 1953 1132 2022 pernicie

89 2054 199 2101 aeterna
219 2045 317 2118 iprum
342 2062 469 2116 negare,
495 2046 634 2102 deserere
661 2051 692 2099 et
717 2042 922 2113 dissimulare,
951 2045 1029 2101 inter
1055 2063 1133 2118 quoa

88 2152 128 2194 ne
152 2139 237 2195 multi
261 2139 427 2195 amicorum
447 2139 607 2195 nobiccum
626 2136 813 2194 inveniantur
830 2138 996 2194 timendum
1014 2152 1077 2212 eet,
1102 2151 1134 2200 et

82 2235 146 2306 'pro
165 2233 271 2304 spiritu
288 2233 473 2290 fortitudinia
490 2234 650 2288 orandum.

156 2327 294 2382 Arduum
312 2335 358 2384 ert
377 2324 516 2383 omnibus
533 2324 732 2383 Pontificibus
755 2332 786 2381 et
804 2323 997 2399 Principibus
1020 2329 1136 2386 dienen·

89 2421 169 2488 tire,
192 2421 243 2476 aed
263 2419 318 2475 nlia
336 2420 478 2476 evadendi
496 2419 605 2475 inferni
624 2430 654 2475 et
673 2420 724 2477 irae
743 2420 848 2477 divinan
869 2437 930 2476 non
953 2429 1000 2478 eat
1019 2422 1135 2495 reliqua

91 2514 150 2569 via.
183 2512 317 2569 Proinde
333 2514 418 2582 vide,
435 2529 490 2583 ne,
508 2513 559 2584 qui
576 2513 606 2567 in
623 2529 689 2568 mea
704 2513 893 2570 offendantur
905 2514 941 2580 b)
962 2515 1134 2577 acerbitate.

89 2605 166 2662 talea
187 2606 246 2661 aint
257 2645 268 2674 ,
293 2607 343 2677 qui
363 2605 448 2661 verbi
467 2620 588 2660 caucam
605 2606 696 2660 vilem
715 2604 865 2675 habeant,
889 2612 921 2660 et
937 2608 1041 2663 nescio
1063 2608 1135 2679 qnid

88 2698 211 2755 humani
224 2690 366 2768 cogitent.
404 2698 466 2774 Qui
483 2700 563 2754 enim
580 2713 636 2768 pro
654 2698 798 2765 dignitate
816 2712 881 2753 rem
899 2699 1042 2770 netimnt,
1060 2702 1135 2760 nihii

90 2792 212 2860 mirum,
228 2792 253 2848 ai
270 2793 455 2848 exclamaret
473 2802 503 2848 et
522 2798 723 2861 rumperetur.
755 2787 845 2858 Ego,
862 2788 918 2846 nini
935 2798 968 2846 tn
985 2792 1030 2849 aio
1047 2811 1137 2865 urge.

91 2883 161 2956 rea,
179 2898 245 2941 rem
269 2894 366 2942 totum
394 2884 465 2941 Deo
492 2884 733 2957 commiterem,
757 2899 797 2938 ne
818 2883 927 2956 plura,
944 2901 1033 2956 quam
1058 2889 1134 2960 ieci,

91 2980 243 3050 iacerem,
267 2994 337 3035 cum
359 2979 452 3038 aciem
480 2978 573 3036 coiiua
597 2977 661 3048 ejus
684 2976 811 3035 concilio
835 2985 867 3034 et
890 2995 982 3051 opere
1002 2997 1068 3038 rem
1088 2986 1134 3055 agi

91 3084 249 3146 oportere.

159 3168 247 3228 Edidi
270 3167 410 3238 Latinam¹
428 3166 670 3236 acerbabant),
699 3180 789 3238 quam
816 3167 928 3224 mitto:
959 3170 1079 3227 cuditur
1106 3180 1138 3231 et

91 3264 197 3331 eadem
220 3263 380 3321 vernacula
395 3260 445 3329 ⁴⁴)
469 3264 499 3319 in
523 3261 649 3335 quibua,
678 3277 754 3331 oro,
778 3277 816 3316 ne
840 3271 872 3317 te
898 3274 1060 3336 moveant,
1085 3268 1136 3339 qni
1244 3331 1248 3340 ¹

94 3357 212 3427 indigne
231 3359 351 3427 ferunt,
376 3359 407 3414 in
429 3359 551 3430 imperia
570 3358 725 3414 moderata
748 3355 940 3414 debacchari.
973 3356 1137 3418 Moderata

93 3450 218 3522 imperia
231 3468 292 3507 non
306 3461 377 3509 aunt
392 3452 520 3509 Romani
534 3451 691 3509 Pontificio
711 3451 852 3523 imparia,
869 3450 979 3526 quibua
997 3443 1137 3512 Chriatnt

93 3545 299 3616 extinguitur,
324 3557 356 3603 et
382 3546 538 3618 abnegatio
565 3547 631 3604 fidei
661 3547 827 3605 mandatur.
869 3546 937 3618 Ego
951 3575 953 3578 ·
969 3564 1029 3619 prae
1053 3565 1137 3607 mera

99 3688 621 3723 m

149 3767 178 3816 ι)
205 3729 276 3813 cod.
293 3763 309 3819 J
315 3777 359 3810 er.
377 3767 524 3823 potentibus.

148 3845 183 3894 b)
210 3844 284 3892 cod.
303 3843 317 3896 J
325 3856 369 3890 en.
389 3843 552 3894 offendantur.

147 3972 177 4022 'i
204 3970 252 4020 ibit
266 3970 373 4024 edun.-
390 3973 504 4021 cdrercnr
518 3975 678 4024 exetrnbilen
692 3971 837 4024 datlcbriati
852 3972 953 4021 ballena.

147 4051 190 4101 ⁸¹¹)
216 4049 300 4099 witer
316 4052 351 4099 tte
368 4051 439 4105 ttrite
457 4052 496 4100 tet
513 4051 654 4108 enudant.
