2574 4732
542 327 631 392 tsts.
751 368 753 374 .
1048 323 1105 388 ¹21

1109 410 1112 414 ’
1137 419 1147 447 t

53 492 224 561 paestate,
249 486 445 554 remiaanna,
470 485 660 556 indulgentiis
682 483 806 553 divinia,
832 478 1110 555 incomparabiliter

55 581 229 652 msJoribus
246 581 354 637 rebus:
374 597 432 636 nec
443 588 543 635 tamen
555 580 684 637 multum
692 593 832 652 moveor,
851 577 932 646 quod
943 575 1022 631 banc
1034 573 1110 629 mihi

56 674 234 732 fucultatem
253 675 404 730 invideant
425 688 441 727 a
463 685 520 730 tusa
541 672 738 729 beatitudinis
755 678 908 742 potestate
923 672 1112 730 concessum,

57 771 118 844 qui
140 769 184 825 cis
215 769 317 824 lasere
345 759 442 837 cogor
464 768 574 823 invitus
602 767 699 822 multo
721 768 855 836 majora,
890 765 1005 821 scilicet
1028 763 1112 836 quod
1190 787 1193 793 ·

57 861 234 939 Aristotelis
253 854 369 918 somnia
390 862 420 917 iu
444 861 628 918 medioeres
653 861 813 929 theologias
840 860 992 921 miscente
1020 865 1110 930 atque

59 958 101 1012 de
127 956 225 1013 diviua
249 957 407 1028 majestate
428 970 525 1013 masas
542 972 636 1026 nugas
657 957 828 1027 disputent,
856 962 1013 1010 contrusi
1033 954 1110 1008 citra

59 1049 235 1129 tacultstem
254 1049 297 1115 aia
316 1050 426 1107 dutum.
766 1046 769 1054 '

129 1144 252 1211 Porro,
271 1144 423 1216 quodnam
440 1144 534 1203 lutum
550 1149 655 1212 urgeat
668 1141 724 1197 bas
742 1140 821 1197 solas
836 1154 920 1195 meas
937 1139 1113 1211 disputatio,

61 1252 118 1294 nes
136 1230 201 1308 praa'
213 1239 347 1304 cacteris,
364 1254 426 1294 nou
446 1239 545 1293 solum
561 1237 636 1293 meis
649 1232 701 1304 c),
720 1236 773 1291 sed
795 1236 932 1291 omnium
951 1234 1115 1303 magistro.

62 1347 151 1400 rum,
175 1340 209 1386 ut
231 1331 261 1386 iu
282 1348 403 1387 omnem
422 1340 534 1388 terram
552 1346 635 1405 paene
656 1330 795 1399 exierint,
813 1329 886 1384 mihi
906 1330 962 1400 ipsi
980 1329 1112 1385 miracu.

63 1425 129 1480 lum
144 1433 201 1481 est.
225 1427 312 1497 Apud
327 1433 452 1482 nostros
472 1435 503 1481 ct
519 1433 643 1496 propter
657 1433 780 1479 nostros
796 1431 912 1478 tuntum
929 1430 1000 1478 aunt
1016 1421 1112 1489 editae,

64 1527 99 1573 ct
112 1519 161 1574 alc
173 1519 276 1587 editae,
294 1528 329 1575 ut
346 1519 421 1575 mibi
436 1518 612 1575 incredibile
627 1518 686 1584 ait,
703 1532 753 1572 eas
768 1515 805 1570 ab
824 1515 965 1572 omnibus
977 1516 1127 1585 intelligi„

62 1611 294 1683 Disputationes
314 1613 393 1668 enim
411 1624 499 1681 suut,
528 1628 589 1668 non
609 1609 754 1665 doctrines
765 1649 775 1678 ‚
799 1624 861 1663 non
880 1610 1039 1678 dogmata,
1058 1609 1115 1682 ob7

64 1707 185 1763 scurius
195 1723 251 1778 pro
271 1722 370 1774 more,
389 1716 420 1759 et
430 1705 632 1782 aenigmaticos
646 1705 768 1775 positae:
786 1702 896 1773 alioqui
911 1703 937 1757 si
950 1703 1114 1774 praevidens

64 1803 253 1872 potuissem,
279 1808 363 1855 certe
387 1797 418 1854 id
445 1814 502 1870 pro
522 1813 589 1850 mea
608 1807 691 1873 purte
711 1812 881 1864 curassem,
899 1805 934 1852 ut
955 1807 1056 1852 essent
1072 1796 1116 1857 iu.

66 1893 195 1949 tellectu
216 1893 376 1956 faciliores,
636 1874 639 1880 ¹
716 1874 725 1894 ⁸
1095 1882 1099 1903 '

137 1986 231 2042 Nunc
254 1985 324 2057 quid
347 1984 479 2040 inciam?
508 1983 666 2040 Revocare
694 2001 756 2040 uon
783 1999 924 2057 possum,
950 1991 981 2038 et
1009 1985 1118 2047 mirem
1194 2007 1199 2018 ·

65 2080 146 2136 mibi
162 2079 302 2134 iuvidiam
318 2094 357 2134 ex
373 2095 407 2134 sa
421 2077 624 2157 invulgationc
638 2079 727 2135 video
743 2078 882 2135 conflari:
900 2078 1011 2134 invitus
1027 2078 1119 2135 venio

67 2175 99 2230 in
118 2172 275 2246 publicum
292 2173 640 2244 periculosissimumque
673 2189 709 2235 nc
733 2173 848 2228 varium
864 2172 1022 2229 bominum
1039 2172 1120 2243 judi.

68 2268 174 2335 cium,
204 2267 370 2338 praesertim
398 2283 454 2336 ego
485 2267 645 2338 indoctus,
674 2268 811 2339 stupidus
841 2267 976 2337 ingenio,
1002 2282 1118 2323 vacuus

70 2362 262 2429 eruditione,
288 2361 394 2416 deiude
414 2370 523 2418 nostro
548 2362 760 2421 florentissimo
787 2362 918 2431 saeculo,
955 2361 1036 2434 quod
1060 2377 1117 2432 pro

70 2471 123 2512 suu
149 2456 179 2511 in
199 2455 293 2512 literis
317 2464 349 2511 ct
372 2455 498 2525 ingeniis
522 2446 664 2513 felicitate
687 2459 777 2525 etiam
801 2456 980 2512 Ciceronem
1007 2471 1118 2524 cogere

72 2551 168 2620 possit
193 2550 229 2615 ad
256 2548 414 2618 angulum,
445 2549 522 2605 lucia
548 2559 578 2604 ct
602 2547 714 2620 publici
744 2549 854 2621 alioqui
885 2565 947 2604 non
980 2548 1121 2617 ignavum

72 2651 265 2701 sectatorem.
315 2643 373 2701 Sed
405 2645 489 2718 cogit
521 2643 708 2714 necessitas,
737 2658 787 2706 me
817 2657 953 2697 anserem
985 2649 1123 2709 strepere

74 2735 152 2793 inter
169 2736 280 2792 olores.

140 2830 245 2902 ltaque
273 2847 334 2900 quo
368 2836 398 2884 et
424 2830 505 2902 ipsos
533 2829 720 2885 adversarios
743 2829 896 2896 mitigem,
922 2835 952 2882 et
976 2827 1122 2891 desiderio

74 2925 241 2980 multorum
262 2924 422 2995 expleam:
452 2923 559 2978 emitto
578 2937 651 2977 ecce
671 2938 753 2977 mens
770 2938 882 2991 nugas,
909 2922 1122 2979 declaratorius

74 3032 210 3073 mearum
226 3017 471 3090 disputationum.
507 3014 624 3073 Emitto
642 3025 741 3075 autem
748 3056 759 3084 ‚
778 3033 838 3086 quo
858 3017 953 3074 tutior
967 3017 1041 3086 sim,
1064 3015 1124 3072 sub

76 3111 119 3166 tui
138 3112 268 3167 nominis
292 3112 449 3183 praesidio,
467 3120 498 3168 ct
515 3121 573 3166 tusa
591 3111 790 3182 protectionis
809 3111 934 3185 umbra,
951 3111 1125 3167 beatissime

75 3204 183 3263 Pater:
203 3207 232 3261 in
254 3206 362 3278 quibus
385 3198 550 3276 intelligeni
568 3222 694 3276 omncs,
714 3206 763 3278 qui
790 3206 912 3273 volent,
941 3221 1029 3277 quam
1048 3222 1124 3278 pure

77 3300 314 3371 simpliciterque
340 3301 574 3361 ecclesiasticam
592 3308 773 3372 potestatem
793 3307 822 3353 et
845 3280 1043 3354 reverentiam
1064 3302 1127 3355 cla.

77 3394 162 3450 vium
184 3394 350 3464 quaesierim
369 3404 399 3449 st
417 3395 585 3463 coluerim,
605 3395 753 3466 simulque
770 3409 860 3465 quum
880 3394 981 3465 inique
999 3397 1031 3450 'et
1052 3394 1126 3450 sulse

78 3504 128 3544 me
160 3496 208 3542 tot
230 3486 402 3543 nominibus
428 3475 642 3558 adversarii⁶)
671 3489 857 3544 loedaveriut.
905 3488 933 3543 Si
961 3487 1039 3543 enim
1059 3487 1127 3548 talis

79 3597 196 3649 essem,
223 3581 341 3653 qualem
359 3581 400 3637 illi
416 3598 464 3637 me
484 3583 580 3639 videri
597 3581 738 3652 cupiunt,
764 3598 800 3637 ac
820 3598 881 3638 nou
903 3582 1003 3652 potius
1026 3580 1128 3638 omnis
1200 3617 1206 3625 ·

80 3675 248 3747 disputandi
266 3674 406 3730 facultate
425 3684 510 3731 recte
528 3692 545 3730 a
561 3692 610 3731 mc
626 3685 753 3733 tractatu
772 3677 915 3745 luissent,
933 3691 993 3732 non
1011 3674 1128 3747 potuis·

80 3778 129 3824 act
144 3768 225 3838 lieri,
243 3777 277 3823 ut
294 3768 511 3826 illustrissimus
530 3769 675 3844 Princeps
691 3771 863 3830 Fridcricus
882 3770 1018 3828 sinonis
1033 3767 1132 3837 Dux„

136 4003 166 4050 c)
193 3995 296 4044 sorti.
320 3998 364 4046 cis.
392 3998 430 4048 &t
452 3994 506 4048 cuti
525 3997 632 4046 viret.
652 3996 719 4051 isa.

139 4076 172 4136 tl)
200 4079 268 4125 tuo
284 4075 344 4126 talea
362 4087 399 4135 tut
413 4090 478 4126 nom.
500 4079 554 4127 stis.
569 4059 617 4126 περ’.
