2574 4732
600 315 791 392 tstss.
938 294 1165 422 'Ksst

117 472 356 544 Apostolorum,
376 479 427 528 aut
441 471 587 530 Pontifex
597 475 766 542 maximus,
781 483 816 530 ut
828 490 860 531 se
875 479 1030 536 minimum
1043 496 1166 552 quoque

116 567 356 637 Apostolorum,
378 583 436 622 neo
457 567 598 636 dignum,
616 569 667 640 qui
688 576 815 623 vocetur
838 571 1024 642 Apostolus,
1041 575 1167 642 clamet,

117 669 235 717 tantum
258 662 361 731 abest,
388 671 421 718 ut
445 662 667 718 sanctissimum
689 678 722 718 se
738 661 848 732 jactet,
876 664 1003 736 denique
1026 668 1167 725 detribu

115 753 273 826 Benjamin
297 765 384 813 ortus
409 765 472 825 est,
498 757 549 830 qui
568 756 739 828 aJoseph,
762 756 902 812 minimus
923 757 1050 814 fratrum
1072 779 1167 819 roca.

116 858 186 904 tur:
211 858 302 921 atque
320 851 442 906 utoihil
462 868 523 906 nou
540 852 580 907 sit
596 851 771 918 minimum,
797 850 870 906 nihil
883 849 1049 920 judicatae
1066 836 1165 927 scire',

116 944 173 999 nisi
194 943 303 1000 desum
328 943 500 1015 Christum,
523 962 581 1000 nec
598 953 698 1000 tamen
714 943 816 1012 hunc,
840 944 1106 1014 nisicrucifixum,
1134 927 1166 1007 id

116 1045 182 1105 est,
199 1038 356 1095 minimum
374 1049 404 1096 et
420 1041 621 1096 novissimum
643 1039 797 1094 omnium:
816 1055 877 1093 non
900 1039 1021 1108 ignarus
1032 1043 1165 1114 utique,

116 1131 155 1186 de
178 1130 271 1189 rebus
290 1134 354 1190 illis·
367 1135 507 1192 menimis
535 1142 566 1190 et
589 1134 723 1189 omnium
739 1133 858 1204 primis,
880 1134 916 1188 de
933 1141 1081 1206 potestate
1102 1136 1166 1193 Ro.

117 1240 211 1281 manas
230 1225 375 1284 Ecclesiae
396 1238 426 1284 et
448 1229 579 1301 decretis
599 1229 697 1296 illius,
725 1243 786 1283 non
812 1227 870 1283 sibi
890 1228 1051 1285 rudissimo
1072 1238 1103 1284 et
1121 1230 1167 1288 ia.

118 1321 294 1378 doctissimo
313 1323 481 1397 Apostolo,
505 1324 560 1380 sed
583 1323 656 1379 solis
675 1332 723 1378 ter
740 1321 880 1377 maximis
899 1323 1051 1393 theologis
1072 1323 1166 1380 licere

116 1424 258 1472 tractare.
292 1416 386 1489 Spero
409 1426 510 1474 autem
531 1417 611 1472 hanc
625 1432 725 1471 meam
745 1432 869 1488 operam
887 1418 1063 1490 prosperius
1079 1418 1167 1476 habi.

116 1518 236 1578 turam,
270 1512 352 1582 quod
374 1513 412 1569 sit
440 1513 477 1568 de
501 1500 594 1567 rebus
620 1510 678 1567 illis
703 1526 787 1565 mere
809 1510 915 1580 nihili,
950 1511 987 1566 de
1015 1521 1166 1583 potestate

116 1605 247 1674 Christi,
267 1621 324 1680 qua
339 1616 447 1678 potens
465 1606 556 1661 estin
575 1605 664 1660 nobis
681 1604 824 1659 adversus
840 1613 943 1697 portes
963 1606 1054 1660 etiam
1066 1606 1153 1661 inferi

115 1701 152 1756 de
172 1700 336 1774 privilegiis
352 1699 486 1755 ecclesias
505 1697 654 1765 coelestis,
673 1714 739 1770 quas
759 1712 816 1752 nec
834 1698 997 1754 maximam
1017 1672 1167 1764 Romam,

113 1810 171 1849 nec
186 1794 405 1851 sanctissimam
423 1791 615 1858 Jerusalem,
633 1808 690 1846 nec
712 1790 807 1844 ullum
826 1791 929 1846 locum
947 1793 1049 1861 novit,
1068 1810 1165 1865 nequo

113 1887 167 1945 hic
190 1897 241 1942 aut
260 1887 321 1941 illic
338 1886 494 1940 Christum
520 1885 644 1956 quaerit,
663 1885 716 1941 sed
734 1884 764 1939 in
782 1885 890 1955 spiritu
909 1894 940 1940 et
961 1886 1089 1942 veritate
1108 1887 1168 1943 Ps.

114 1989 194 2034 trem
219 1980 336 2035 adorat.
379 1978 462 2052 Quid
489 1980 569 2035 enim
591 1980 665 2035 tanti
686 1979 743 2035 viri
770 1979 818 2059 his
842 1979 928 2048 nugis
952 1988 1165 2050 moverentur,

114 2073 362 2142 lrritarenturve,
392 2089 463 2130 cum
492 2074 552 2130 sint
583 2081 670 2129 extra
699 2089 805 2129 eorum
830 2073 1024 2130 facultatem?
1054 2073 1166 2134 Tutius

104 2158 189 2237 'ergo
207 2167 333 2223 nuncin
351 2167 505 2239 publicum
523 2151 627 2230 renio,
646 2167 799 2224 abstinens
817 2167 854 2222 ab
874 2167 910 2224 iis
930 2167 1038 2237 rebus,
1056 2169 1167 2239 quibus

113 2263 154 2318 illi
173 2263 349 2330 irrltantur,
374 2272 405 2317 et
433 2263 607 2319 rescellulas
629 2278 697 2317 mea
724 2263 871 2335 parvitate
895 2262 997 2332 dignas
1021 2272 1165 2320 tractans.

114 2355 287 2426 Caeterum,
311 2358 338 2412 si
365 2357 436 2429 quid
462 2357 574 2414 veteris
598 2357 677 2413 illius
701 2357 850 2426 tragoediae
877 2356 1028 2412 derebus
1051 2359 1167 2427 magnis

114 2459 229 2504 coortae
250 2459 407 2520 superest,
427 2450 500 2521 ipsis
520 2452 674 2522 relinquo:
701 2462 784 2520 tum,
807 2451 889 2523 quod
910 2467 988 2504 unus
1006 2459 1037 2504 et
1055 2445 1166 2520 parvus

115 2551 146 2597 ct
162 2543 314 2612 infirmus,
331 2546 498 2616 praesertim
519 2562 589 2600 cum
608 2545 650 2600 illi
677 2554 708 2601 et
731 2545 821 2600 otiosi
843 2551 924 2600 stent
941 2550 1005 2599 tota
1023 2541 1091 2611 die,
1108 2559 1166 2611 ego

116 2643 216 2688 autem
231 2637 287 2689 sim
304 2637 575 2705 negotiosissimus.
613 2636 767 2710 Quoniam
779 2636 961 2708 superfluum
978 2643 1046 2699 est,
1063 2644 1167 2689 utran-

116 2744 176 2799 que
196 2739 313 2802 partem
329 2746 427 2785 causta
443 2730 636 2802 distorqueri.
672 2730 722 2784 Sat
741 2727 892 2783 malorum
910 2737 973 2795 est,
990 2742 1081 2781 uuam
1098 2742 1166 2797 par.

117 2831 177 2877 tem
195 2823 299 2878 dolere
318 2832 349 2877 et
365 2831 504 2878 moestam
523 2838 603 2878 esse.-

119 2953 122 2960 -
183 2917 301 2985 Porro,
322 2916 425 2988 optitni
446 2917 503 2971 viri
513 2955 524 2985 ,
542 2925 576 2972 ut
592 2915 681 2972 vobis
699 2916 781 2971 serio
799 2915 897 2971 dicam
906 2954 917 2984 ,
944 2930 1000 2984 ego
1024 2915 1165 2971 Romano

114 3011 256 3067 Pontifici
276 3012 401 3083 ejusque
427 3010 558 3067 decretis
581 3025 650 3065 eum
669 3011 819 3066 honorem
837 3009 954 3078 habeo,
983 3024 1045 3082 quo
1065 3010 1164 3067 nullus

117 3115 162 3162 est
190 3106 346 3176 superior:
374 3121 432 3160 nec
460 3106 602 3177 excipio,
640 3104 694 3160 nisi
728 3105 895 3176 principem
925 3104 1015 3174 hujus
1043 3104 1164 3174 vicarii,

114 3198 224 3256 desum
253 3199 428 3267 Christum,
454 3196 622 3255 Dominum
654 3207 794 3254 nostrum
827 3207 858 3253 et
889 3199 1031 3254 omnium.
1067 3198 1164 3269 liujus

116 3295 245 3350 verbam
270 3295 310 3350 ita
332 3295 463 3367 praelero
487 3294 590 3349 vicarii
614 3291 731 3362 uerbis,
756 3302 790 3347 ut
813 3293 888 3349 nihil
904 3292 1039 3348 dubitem
1057 3308 1166 3348 secun.

118 3389 190 3442 dum
209 3390 307 3460 ipsum
328 3381 466 3460 judicare
488 3389 525 3444 de
548 3388 689 3445 omnibus
713 3396 744 3443 et
771 3388 860 3443 dictis
879 3396 911 3443 et
938 3386 1025 3443 lactis
1048 3371 1164 3443 vicarii.
1198 3401 1202 3407 ’

117 3482 197 3537 Volo
222 3483 302 3538 enim
327 3483 498 3554 subjectum
526 3498 595 3539 eum
624 3498 690 3539 esse
714 3481 787 3536 huic
822 3479 1019 3550 irrefragabili
1054 3481 1166 3550 regulas

116 3577 277 3649 Apostoli:
306 3579 417 3633 Omnia
431 3575 577 3649 probate,
595 3576 678 3646 quod
688 3573 798 3632 bonum
815 3582 980 3631 esttenete.
1014 3573 1064 3630 Ab
1084 3573 1163 3641 hoc,

117 3671 258 3742 iuquam,
272 3672 347 3742 jugo
365 3674 516 3728 nemiuem
537 3672 632 3744 patiar
648 3672 761 3729 collant
778 3680 944 3741 excutere,
962 3669 1027 3725 sive
1043 3667 1165 3724 nomine

117 3768 244 3836 matris,
276 3753 339 3822 sive
362 3769 511 3837 magistrae
538 3765 745 3845 Ecclesiamm
776 3769 915 3823 vehatur.
965 3764 1066 3833 Atque
1096 3761 1165 3817 ideo

118 3863 232 3930 magia,
256 3879 318 3933 quo
342 3862 579 3919 nostro-saeculo
600 3864 728 3918 vidimus
747 3862 875 3917 coucilia
894 3855 1069 3933 reprobari,
1098 3868 1166 3909 rur.
1210 3892 1213 3896 Δ

118 3968 185 4009 sum
206 3956 261 4011 alia
281 3957 451 4013 confirmari
457 3998 467 4027 ,
497 3958 683 4026 theologiam
702 3957 796 4012 meris
815 3949 1006 4027 opinionibus
1024 3948 1165 4018 tractari,

110 4050 226 4119 jurium
249 4067 370 4108 sensnm
392 4051 429 4107 ab
450 4052 537 4108 unius
563 4052 697 4108 hominis
717 4050 848 4121 pendere
869 4044 1004 4107 arbitrio,
1037 4051 1067 4097 et
1089 4043 1165 4102 adeo
