2574 4732
525 380 531 398 .
554 330 641 398 1517.
664 398 667 403 ,
1076 332 1117 402 69

72 486 203 544 celetem
222 492 273 543 ent
290 486 497 558 eunctitrtem,
513 489 569 545 eed
586 486 794 544 tantummodo
811 500 927 560 ponem
943 494 1116 561 externum,
1172 553 1177 565 ¹

72 580 152 639 clim
171 581 315 639 monice
340 581 453 655 imponi
473 583 613 650 eoiitrm,
631 581 777 637 tolerent.
924 576 928 583 '

141 674 283 747 Denique
308 691 401 747 opere
430 676 550 750 pietrtie
575 684 608 732 et
634 675 790 731 churirrtie
816 684 886 732 eunt
908 676 940 732 in
971 676 1116 734 inlinitum

73 766 204 825 meliore
226 768 436 839 indulgentiis,
460 776 493 827 et
516 781 617 828 temen
639 768 706 824 hnc
726 783 788 824 non
807 775 889 824 tonte
905 784 1033 841 pompe,
1059 784 1117 826 neo

73 868 162 918 tento
179 862 280 918 etudio
296 864 474 935 predicant:
502 862 564 921 imo
581 869 707 938 propter
723 861 826 918 veniae
847 863 1047 934 prndicendee
1069 862 1118 919 ille

74 960 200 1010 recent:
224 970 296 1011 oum
324 964 423 1013 temen
447 958 581 1013 omnium
603 955 828 1027 Epiecoporum
846 953 909 1010 hoc
927 957 965 1010 eit
989 955 1118 1012 officium
1167 1011 1181 1047 x

73 1047 207 1120 primum
229 1058 261 1104 et
286 1048 403 1118 eolune,
423 1058 459 1105 ut
478 1051 607 1124 popoiue
623 1047 821 1118 Evangelium
845 1049 956 1116 discut,
982 1056 1070 1120 etque
1085 1038 1119 1116 r)

74 1140 256 1197 euefimem
282 1129 406 1200 Christi.
451 1142 609 1216 Nuequnm
632 1144 723 1198 etiem
752 1144 893 1217 pracepit
915 1143 954 1208 t)
980 1142 1120 1198 Chrietue
1173 1208 1179 1232 ι

74 1232 273 1304 indulgentior
287 1237 451 1306 predicari,
472 1238 525 1293 ted
543 1236 740 1307 Evangeliurn
763 1236 961 1292 vehementer
985 1234 1124 1309 precipit

75 1312 303 1398 praedicerih).
339 1328 478 1403 Quantus
503 1346 576 1400 ergo
601 1331 716 1387 horror
740 1339 806 1399 eet,
832 1340 976 1402 quantum
1000 1330 1121 1403 pericu.

73 1418 141 1475 lum
154 1418 313 1495 lipleoopi,
330 1424 373 1492 ei,
390 1424 483 1495 tacito
500 1423 683 1495 Evangelio,
706 1440 767 1479 non
784 1423 840 1480 niei
856 1423 1001 1497 etrepitne
1022 1424 1119 1480 indul.

74 1514 244 1583 gentierum
257 1518 408 1587 permittet
423 1518 453 1572 in
471 1519 613 1591 populum
630 1534 718 1572 suum
738 1514 790 1586 ἰ),
807 1526 840 1571 et
855 1517 911 1572 hee
933 1517 1000 1588 plue
1015 1524 1118 1579 curet.

75 1621 168 1677 quem
182 1606 399 1679 Evangeliumi
421 1607 532 1665 Nonne
551 1610 633 1666 dicet
651 1610 709 1667 illie
725 1610 881 1666 Chrietue:
913 1608 1049 1666 colentes
1070 1624 1120 1665 cu.

74 1695 181 1770 licem,
197 1707 227 1757 et
244 1701 407 1778 qdetientes
423 1701 574 1759 eumcum
591 1705 606 1759 i

126 1796 257 1854 Accedit
271 1797 307 1851 ed
319 1786 440 1863 unck).
457 1795 707 1852 reverendieeime
721 1794 813 1853 Peter
831 1795 860 1852 in
871 1794 1021 1862 Domino,
1040 1795 1121 1867 quod

73 1893 107 1949 in
126 1889 327 1947 inctructione
346 1888 397 1942 ille
417 1887 721 1957 Commieeeriorum,
737 1888 795 1945 eub
810 1888 850 1944 T.
868 1888 908 1945 R.
926 1889 1119 1947 Paternitetie

71 1983 202 2043 nomine
220 1981 319 2050 editu,
341 1980 454 2036 dicitur
473 1979 597 2055 (utique
617 1983 680 2040 eine
699 1982 740 2049 Τ.
758 1981 793 2038 Ρ.
812 1983 1069 2038 reverendiseimae
1089 1992 1120 2040 et

72 2076 205 2137 colentia
223 2085 255 2131 et
273 2072 446 2147 conteneo)
462 2091 551 2130 unum
569 2075 776 2154 principalium
795 2076 957 2145 gratiarum
980 2091 1046 2132 erse
1066 2076 1120 2132 do.

72 2185 152 2231 num
173 2169 247 2224 illud
267 2168 328 2225 Dei
349 2169 569 2238 inestimabile,
595 2185 656 2242 qno
674 2170 889 2227 reconcilietur
909 2170 1003 2225 homo
1028 2168 1118 2226 Deo:

75 2271 112 2319 et
131 2276 241 2319 omnen
259 2277 352 2335 poenre
378 2262 515 2324 delentur
528 2246 556 2338 ¹)
581 2264 761 2336 purgatorii:
787 2254 877 2328 it'em.
898 2264 979 2336 quod
999 2279 1060 2319 uon
1080 2263 1121 2321 eit

76 2355 246 2413 neoeeeerie
273 2350 419 2423 'contritio
444 2357 480 2415 iie
496 2352 570 2429 ¹¹²),
604 2359 656 2430 qui
677 2358 790 2415 animo
816 2357 865 2415 vel
889 2356 1119 2415 confereiondie

77 2450 237 2507 redimunt.

146 2541 203 2599 Sed
219 2543 290 2615 qnid
304 2543 412 2601 lecim
420 2582 431 2613 ,
448 2545 562 2617 optime
574 2544 690 2602 Prneul
702 2553 733 2601 et
750 2544 949 2602 illoetrieeime
961 2544 1120 2617 Princepe,

77 2635 137 2692 niti
152 2635 233 2707 quod
253 2652 308 2709 per
321 2637 489 2693 Dominum
506 2637 614 2694 Jeenm
627 2638 783 2694 Christum
795 2637 836 2693 Τ.
851 2637 891 2701 R.
902 2637 1121 2694 Petcmiterem

79 2744 185 2796 orem,
201 2740 347 2801 quatenus
368 2730 490 2785 oculum
508 2740 637 2802 peternae
651 2746 730 2787 curn
748 2731 887 2799 dignetur
902 2723 1121 2794 adverterc,¹¹)

79 2831 113 2878 et
136 2823 261 2879 eundem
282 2822 419 2878 libellum
444 2824 561 2895 ponitur
580 2824 706 2892 tollere,
725 2834 755 2877 et
772 2820 1019 2893 predicatoribus
1039 2819 1125 2874 veni.

78 2931 165 2971 nrum
184 2916 340 2989 imponere
359 2914 445 2970 elium
463 2915 640 2987 praedicendi
669 2915 819 2971 formem:
853 2931 892 2970 ne
916 2915 995 2970 lorte
1018 2911 1123 2984 uliquis

78 3009 200 3067 eundern
217 3015 375 3078 exsurgat,
394 3009 445 3082 qui
470 3008 557 3065 editis
573 3008 681 3067 libellie
700 3017 730 3064 ct
753 3009 820 3064 illoe
838 3018 868 3064 et
883 3007 1017 3064 libellum
1039 3007 1123 3062 illum

80 3104 237 3165 confutet,
257 3103 292 3158 nd
310 3104 492 3175 vituperium
510 3118 661 3159 nummum
676 3102 881 3160 illuetrieeimn
906 3113 963 3158 tun
984 3101 1122 3158 Sublimi.

80 3198 161 3254 tetie.
196 3196 289 3273 Quod
308 3215 364 3266 ego
389 3196 584 3253 vehementer
601 3199 721 3271 quidem
739 3197 803 3254 lieri
829 3196 998 3266 abhorreo,
1021 3204 1052 3252 et
1077 3204 1121 3251 te.

79 3306 151 3347 rnen
171 3291 305 3347 futurum
322 3292 434 3359 timeo,
452 3292 509 3347 nini
530 3276 818 3348 circleuccurratur.

148 3385 219 3441 linc
239 3401 313 3440 men
327 3387 480 3459 parvitatis
494 3385 592 3440 fidelie
608 3385 722 3454 officie,
740 3402 833 3455 rogo,
857 3395 908 3443 tuu
922 3382 1122 3441 illuetrieelme

81 3479 188 3538 Gretin
211 3479 348 3549 dignetur
374 3479 512 3553 occipere
538 3480 632 3536 modo
645 3476 684 3551 ⁰)
710 3480 863 3557 principali
886 3488 917 3538 et
941 3479 1120 3553 epiecopnli,

133 3730 162 3785 i)
196 3733 223 3779 Α.
246 3739 279 3782 et.
542 3780 545 3785 ,
630 3733 659 3787 l)
686 3734 715 3783 Α.
733 3734 863 3785 deleretur.

137 3815 168 3869 ι)
194 3803 306 3859 Δ.ἐιιίω
324 3810 442 3873 precipit.
622 3819 661 3864 ru)
686 3814 715 3860 Δ.
734 3813 782 3860 hir.

135 3890 169 3943 le)
197 3890 322 3938 L-red
340 3901 385 3939 etc.
624 3896 656 3940 n)
684 3892 711 3937 tt.
728 3890 863 3939 admittere.
970 3886 973 3891 '

141 3969 170 4019 i)
198 3971 266 4021 Μ-
280 3970 369 4028 spergl.
631 3975 662 4021 ct
690 3972 718 4016 A.
733 3969 824 4016 enimc.

137 4050 174 4099 lt)
202 4050 231 4096 A.
248 4050 302 4095 ltoc.
