2574 4732
592 336 681 401 ls1s.
763 289 766 294 ⁵
967 326 970 337 '
1097 336 1156 408 169

112 515 153 555 ne
169 496 299 554 multum
315 502 433 566 tempus
449 494 559 549 frustra
573 494 626 551 lrio
642 499 775 561 tereret,
789 507 842 564 spe
856 502 956 561 certa,
972 495 1054 567 quod
1066 494 1158 553 Prin.

113 592 201 665 cipali
215 589 416 646 munificentia
434 588 619 644 exsolvetur.

183 684 322 741 Fecimus
345 693 444 739 autern
463 682 544 751 hoc,
568 681 637 754 quie
667 681 697 737 id
720 697 816 753 nuper
839 682 928 738 nobis
955 684 1053 739 visum
1080 685 1161 754 luit,

114 795 186 837 curn
203 787 307 834 tecum
324 793 437 844 essem,
457 784 487 831 et
505 775 585 846 quod
603 792 661 832 nec
680 777 711 831 in
729 793 815 845 arce,
840 792 896 832 nec
916 777 985 833 alibi
1000 777 1063 834 lieri
1085 796 1160 853 pras.

112 873 192 931 sumi
206 873 313 946 possit.
347 871 427 927 Nem
442 870 538 927 voluit
559 870 679 941 quidem
694 873 776 941 prius
796 871 878 927 adire
893 870 1087 944 Principem,
1104 876 1158 932 sed

112 968 269 1024 dissuasus
295 965 415 1033 omisit,
438 980 476 1019 oe
505 964 622 1021 scilicet
635 962 670 1045 ²)
699 965 849 1036 triplicem
878 965 957 1020 viam
983 976 1015 1021 et
1044 976 1161 1042 tempus

113 1071 298 1129 exerceret,
325 1059 457 1114 maxime
473 1073 585 1125 ⁸vero,
618 1059 699 1129 quod
724 1060 836 1114 scirem
867 1074 935 1114 eum
963 1060 1016 1115 vix
1045 1061 1159 1118 admitti

113 1163 242 1231 propter
258 1151 461 1224 suspicionem
481 1151 594 1224 pestis,
618 1166 673 1222 per
697 1169 787 1225 quum
808 1152 959 1227 proficisci
987 1169 1057 1208 eum
1079 1165 1161 1212 esset

114 1246 328 1304 necessarlum.
347 1244 394 1300 Sic
410 1260 484 1301 nos:
503 1254 536 1300 tu
554 1244 578 1300 si
600 1245 671 1316 quid
692 1246 799 1300 melius
814 1245 927 1316 habes,
945 1263 1007 1317 quo
1023 1256 1055 1302 et
1073 1247 1162 1304 Prin.

115 1342 191 1413 cipis
211 1340 380 1407 honorem,
404 1348 434 1394 et
449 1338 526 1394 illius
544 1339 744 1394 reverentiam
763 1322 935 1409 servemus,
961 1340 1057 1398 indica
1078 1340 1164 1398 velo.

116 1435 203 1491 citer.
239 1433 274 1489 lo
294 1432 479 1489 monasterio
505 1440 610 1488 nostro
635 1446 823 1503 parassemus
848 1435 874 1490 ei
902 1434 1048 1506 ejusmodi
1074 1453 1164 1509 pran-

117 1528 215 1588 dium,
237 1529 290 1584 sed
311 1527 451 1583 carnibus
473 1525 575 1581 ferinis
596 1526 748 1595 provideri
773 1542 834 1581 non
855 1543 945 1597 posse
965 1528 1161 1595 timebamust

117 1621 225 1677 deiude
239 1624 319 1693 quod
334 1620 492 1676 honestius
507 1621 604 1675 visum
619 1627 665 1673 est
674 1657 685 1687 ,
700 1618 861 1690 Principuli
875 1622 1026 1692 promisso
1041 1624 1163 1680 cedere.

194 1715 365 1793 Excuditur
396 1715 550 1783 negotium
582 1727 683 1765 meum
713 1712 929 1780 Augusteuse:
964 1715 1053 1771 rediit
1083 1717 1163 1773 enim

115 1823 202 1865 meus
227 1809 320 1862 frater
342 1805 564 1873 Leonhurdus,
596 1803 669 1859 nihil
697 1805 768 1859 novi
795 1806 931 1864 referens
951 1808 988 1866 de
1011 1809 1165 1883 Augusta,

113 1904 169 1958 sed
188 1917 286 1974 neque
306 1900 504 1968 Licentietue,
522 1898 578 1953 nisi
597 1897 814 1970 quodquidam
831 1882 872 1957 ex
889 1902 992 1960 amicis
1010 1906 1163 1962 noterium

112 1997 321 2055 deterruerat.
349 2010 387 2047 ne
418 1991 645 2065 appeliationem
673 2006 771 2047 meam
807 1995 957 2065 affigerett
990 1998 1042 2055 sed
1064 2008 1165 2061 tamen

114 2104 210 2159 opera
236 2084 392 2144 Licentioti
420 2086 555 2142 notarius
588 2084 729 2157 perstitit.
772 2087 820 2145 Sic
839 2098 911 2145 sunt
928 2091 1088 2163 homiues,
1112 2094 1163 2152 ubi

112 2182 202 2239 Deus
225 2196 288 2237 non
314 2188 360 2235 est
385 2194 456 2236 cum
485 2179 538 2235 eis.
571 2176 702 2250 Magnus
724 2182 802 2238 euim
820 2182 870 2238 ille
890 2191 935 2251 est
957 2193 988 2241 et
1007 2187 1087 2242 iuter
1103 2189 1166 2260 pri.

113 2291 182 2333 mos
207 2274 281 2335 mihi
307 2273 427 2329 habitus
452 2274 574 2330 amicos.
620 2272 676 2328 Sed
704 2290 774 2330 veru
800 2284 845 2332 eat
870 2277 1042 2351 Scriptura:
1071 2281 1166 2337 nolite

114 2367 265 2431 manure
283 2368 317 2425 n
338 2364 550 2439 Principibus,
576 2366 610 2422 an
628 2365 705 2431 stru
721 2367 895 2440 nemum,
917 2354 950 2429 oi
971 2356 1077 2447 quud
1101 2392 1164 2442 mn

116 2470 160 2518 est
175 2463 273 2519 sulcen

196 2557 330 2611 Studium
359 2565 498 2625 nostrum
525 2570 672 2628 prospere
692 2564 722 2611 et
741 2557 870 2614 feliciter
893 2559 952 2627 agit
965 2599 975 2628 ,
998 2562 1165 2632 prasertim

117 2651 308 2718 Graecitotisp
335 2650 479 2706 llebraeus
503 2660 620 2705 tantum
653 2650 824 2719 professor,
854 2666 910 2707 suo
937 2667 1048 2721 more,
1077 2660 1167 2725 ceput

117 2745 229 2809 habet,
256 2751 286 2796 et
305 2742 334 2796 id
353 2742 515 2813 ponderat,
542 2744 622 2813 quod
643 2743 776 2812 pondere
793 2751 888 2799 caret.
922 2742 1002 2799 Nam
1023 2760 1074 2814 ea,
1099 2762 1165 2818 quoe

117 2855 174 2894 nos
196 2835 318 2891 maximi
337 2819 484 2901 fecimus,
508 2834 594 2888 facile
617 2844 648 2890 et
671 2833 799 2891 libenter
820 2835 924 2892 tradit:
956 2852 990 2891 ea
1016 2854 1081 2910 qun
1109 2821 1167 2896 nos

119 2949 200 3004 paene
216 2928 443 2995 contemnimus,
461 2927 543 2982 velut
560 2927 756 2996 denegaturus
773 2927 963 2997 magnifacit:
983 2930 1086 3000 idest,
1104 2932 1166 2989 vim

119 3027 275 3080 literarum
298 3032 328 3076 et
350 3020 514 3076 verborum
533 3035 590 3076 noa
607 3036 766 3091 curamus,
783 3022 956 3095 prosodiam
976 3040 1050 3079 vero
1067 3026 1167 3085 minus

121 3119 302 3188 quaerimus,
328 3115 408 3180 haurl
435 3123 606 3184 sperantes,
636 3116 762 3195 futuros,
775 3130 832 3170 not
853 3125 989 3174 oratores
1011 3120 1086 3191 apud
1109 3118 1167 3175 Ju.

122 3214 212 3267 daeos.
231 3211 415 3265 Inservimua
432 3219 531 3264 tumen
550 3209 684 3273 homini,
704 3210 829 3282 nequid
848 3213 976 3281 querelae
997 3212 1163 3285 (adquam

119 3321 196 3360 uuus
213 3305 347 3358 omnium
362 3303 584 3375 promtissimus
598 3302 666 3369 est)
678 3301 783 3371 jactet.
811 3302 894 3361 Vale.
925 3305 1166 3378 Wittembergae,

119 3400 211 3465 ‚alteru
231 3398 260 3452 S.
277 3396 422 3465 Martini,
440 3412 517 3451 anno
536 3394 719 3460 MDXVIII.

619 3488 653 3545 1².
672 3489 824 3549 Martinus
841 3491 996 3561 Lutherus
1006 3534 1017 3574 ,
1034 3495 1165 3567 August.

173 3749 206 3815 p)
231 3742 304 3805 coll,
324 3742 390 3797 Jen.
405 3741 436 3792 sl.

414 3915 879 3953 “m-¹·
