2574 4732
91 318 94 323 ’
162 337 227 409 ιω
647 327 737 394 1520.

107 570 110 576 .
164 500 359 602 S·1ogentia
377 539 436 587 tua
453 529 485 584 in
501 543 551 584 me
571 525 660 596 fidei,
684 527 732 582 vir
750 525 881 599 optime,
899 524 1002 582 llte'raa
1020 540 1091 582 eum
1108 529 1227 597 gaudio

165 640 197 688 et
219 626 365 684 miraculo
386 626 453 693 legi.
503 622 585 697 Quid
612 621 692 677 enim
715 636 778 674 non
803 619 947 675 mentitur
974 621 1144 677 virulentae
1171 623 1227 679 ille

74 749 78 755 ·
164 738 291 795 serpens
316 720 480 789 antiquus?
517 716 569 771 De
597 714 799 787 disputatione
825 713 869 768 aio
896 712 999 769 habet.
1033 713 1228 775 Praeaidebat

167 815 369 882 Gennadius,
393 828 449 879 ego
475 825 544 865 cum
570 807 686 864 caeteris
711 822 797 861 more
823 806 914 862 aolito
939 806 1110 875 arguebam.
1147 808 1228 866 Erat

165 920 230 967 tum
251 907 394 979 quaestio:
413 921 450 957 an
467 902 606 958 Chriatus
624 901 653 955 in
671 900 809 970 passione
825 898 913 954 etiam
928 900 1094 957 reluctatus
1114 902 1229 960 iuiaaet

166 1003 315 1060 voluntati
336 998 460 1054 Patris?
479 994 592 1050 Petivit
612 994 692 1049 enim
706 993 818 1050 auferri
840 994 987 1058 calmem,
1013 996 1094 1066 quod
1115 999 1226 1070 utique

165 1107 215 1167 eat
232 1095 314 1148 nolte
331 1106 360 1145 et
378 1089 538 1144 reluctari:
556 1088 662 1142 deinde
681 1088 800 1157 profert
817 1100 1044 1156 argumentum,
1063 1096 1097 1144 ut
1114 1092 1227 1148 nolena

166 1200 264 1263 possut
288 1183 475 1239 dici-odiens
501 1193 531 1234 et
558 1180 690 1234 rebellis.
726 1178 803 1254 Quae
819 1190 853 1236 ut
871 1182 1073 1250 negabantur,
1103 1182 1146 1239 ita
1166 1202 1230 1242 neo

167 1281 383 1356 probabantur.
420 1275 504 1331 Nihil
525 1277 604 1329 enim
624 1283 852 1342 assertutneat,
880 1276 933 1329 sed
957 1285 1073 1330 tantum
1095 1289 1230 1335 contro.

166 1390 290 1431 versum
311 1368 508 1439 familiariter.
544 1368 685 1439 Quanta,
713 1382 831 1438 quaeso,
859 1368 992 1424 aolemua
1011 1370 1113 1425 dicere
1136 1389 1230 1443 argu.

167 1478 336 1525 mentuntes
358 1467 446 1517 etiam
466 1464 495 1515 in
513 1447 677 1517 tententiae
697 1461 884 1517 catholicas?
911 1461 1022 1517 Nonne
1038 1464 1130 1520 etiam
1152 1468 1232 1523 arti.

169 1564 255 1617 culon
273 1559 339 1612 fidei
358 1557 491 1611 solemus
511 1556 705 1627 impugnare?
725 1555 796 1625 quid
814 1572 887 1624 ergo
906 1557 1055 1612 insaniunt
1074 1558 1117 1614 illi
1132 1559 1230 1617 hodie

167 1655 333 1711 mendacius
352 1653 433 1718 suia,
458 1652 609 1716 dicentes,
636 1664 685 1703 me
702 1649 884 1718 asseruisse,
909 1665 978 1704 curu
1000 1656 1230 1725 argumentandi

166 1749 228 1815 ritu
247 1760 451 1829 oppugnarem
468 1745 632 1810 duntaxat,
656 1742 729 1796 nihil
750 1757 909 1809 asserens,
936 1745 997 1799 imo
1015 1745 1111 1816 palam
1130 1748 1230 1804 eonii.

167 1849 251 1907 tenu,
278 1855 327 1894 me
356 1856 416 1893 non
441 1837 606 1905 intelligere
631 1836 731 1891 omnia
756 1837 897 1905 mysteria
919 1839 1066 1910 pastionis
1089 1838 1231 1900 Christi?

156 1933 304 2000 Nescio,
323 1946 358 1987 un
379 1933 468 1988 simul
487 1930 559 1986 illud
578 1925 717 2001 Apostoli
732 1932 982 1988 tractaverimus:
1008 1948 1075 1986 eum
1093 1935 1147 2006 qur·
1165 1952 1232 1992 rrorr

168 2030 252 2094 novit
261 2022 528 2094 peceatum,fecit
541 2032 715 2094 peccatum,
734 2025 834 2080 atalia
848 2027 1001 2096 quadam,
1018 2044 1082 2097 quaa
1098 2027 1230 2086 Christo

168 2131 348 2207 peecatum,
366 2119 576 2186 maledictum,
595 2119 835 2189 desperationem
854 2118 1011 2189 tribuunt,
1031 2121 1129 2192 qualia
1146 2123 1232 2180 solet

167 2212 281 2283 Paulus
309 2221 339 2277 et
362 2212 541 2282 prophetae,
577 2227 643 2282 qua
664 2225 733 2265 curn
752 2213 886 2278 nondum
907 2215 1076 2289 capiamus,
1104 2216 1230 2284 justum

169 2312 235 2374 est,
255 2313 288 2356 ut
307 2302 380 2355 nihil
400 2302 597 2388 adpetamus„
618 2301 685 2370 Ego
704 2303 790 2372 plane
808 2305 920 2360 dritta
938 2307 1061 2360 materia
1080 2309 1231 2365 dolorum

169 2397 284 2452 Christi
307 2395 381 2450 nihil
404 2410 532 2464 unquam
557 2395 676 2464 publice
697 2397 861 2467 disputavi,
885 2399 930 2451 sic
950 2416 1007 2453 neo
1025 2400 1089 2458 scio
1113 2413 1232 2471 praeter

168 2494 199 2551 id
219 2491 404 2560 argumenti,
423 2491 505 2561 quod
522 2506 611 2559 supra
630 2488 701 2543 dixi.
739 2489 767 2542 si
790 2492 857 2559 quis
877 2491 955 2546 aliud
976 2494 1012 2549 de
1030 2509 1078 2546 me
1099 2496 1232 2566 dixerit,

169 2588 285 2660 poteris
308 2594 484 2639 constanter
505 2600 574 2637 eum
595 2582 742 2637 mendacii
764 2598 889 2651 arguere
909 2592 984 2639 teate
1005 2587 1052 2641 vel
1081 2596 1150 2642 totu
1177 2606 1231 2645 au.

168 2683 282 2743 ditorio
296 2688 415 2735 nostro.
452 2678 601 2732 Desinant
613 2678 713 2746 itaque
731 2677 869 2742 virulenti
889 2691 1147 2749 argumentantem
1167 2685 1230 2738 cri.

169 2775 295 2841 minari,
315 2782 365 2828 aut
384 2787 471 2828 auum
490 2770 662 2837 Thomam‚
681 2771 730 2839 qui
752 2787 851 2826 omma
872 2773 1040 2830 Christiana
1060 2776 1229 2847 impugnat,

168 2869 323 2938 ,arguendo
345 2884 401 2936 pro
425 2876 452 2919 et
471 2874 598 2930 contra,
617 2863 699 2934 prius
718 2865 868 2922 damnent.
904 2872 951 2922 An
975 2870 1079 2924 volent
1098 2886 1154 2925 nos
1176 2888 1229 2926 ca.

109 2947 111 2950 ¹
169 2979 264 3039 pere,
291 2977 327 3014 ne
350 2961 439 3015 liceat
462 2958 629 3029 disputandi
655 2958 715 3012 ritu
744 2971 774 3013 et
800 2960 931 3016 discendi
961 2963 1053 3031 gratia
1078 2965 1227 3020 articuloa

169 3054 238 3110 iidei
257 3055 454 3124 impugnare?
482 3051 584 3110 Pudet
604 3068 652 3104 me
673 3067 727 3122 per
749 3052 803 3108 iata
824 3063 992 3109 commenta
1014 3057 1098 3112 nihili
1120 3059 1170 3111 vel
1195 3069 1228 3114 te

169 3163 263 3201 unum
291 3149 335 3202 sic
356 3149 556 3211 commoveri.
593 3146 650 3199 Sed
669 3146 762 3200 habes
782 3148 893 3203 iactum
913 3159 942 3203 et
960 3160 1092 3205 mentem
1111 3167 1227 3208 meam.

238 3241 288 3295 De
305 3239 400 3294 Eueio
423 3241 495 3295 nihil
518 3240 614 3295 adhuc
633 3239 721 3308 scio,
745 3242 800 3296 niai
820 3245 937 3301 venisse
957 3264 1025 3301 eum
1042 3246 1227 3316 barbatum,

168 3332 335 3399 bullatum,
362 3341 556 3388 nummatum.
598 3333 660 3387 Det
681 3333 849 3406 Dominus,
874 3347 904 3392 ut
927 3357 1002 3394 unus
1021 3342 1059 3396 sit
1079 3342 1227 3398 articulo.

169 3442 237 3479 rum
261 3425 490 3480 damnatorum:
517 3443 639 3481 saccum
656 3427 895 3484 Mendioantium
914 3434 1028 3488 nullum
1057 3450 1144 3502 esse,
1170 3454 1229 3508 op.

169 3519 302 3573 tandum.
340 3517 457 3571 Ridebo
478 3530 507 3574 et
528 3537 583 3587 ego
602 3520 712 3574 bullum
733 3524 797 3577 aive
818 3526 985 3594 ampullam.
1023 3528 1118 3584 Mitto
1137 3529 1228 3587 Mar.

104 3670 108 3681 ¹
170 3613 290 3667 serium.
327 3611 479 3666 Dominus
501 3624 662 3668 conservet
679 3628 708 3669 te
731 3616 759 3669 in
778 3623 1068 3688 aeternum,Amen.
1106 3622 1228 3679 Mica.

170 3708 289 3772 riseime
307 3704 484 3775 Guuthere,
503 3707 578 3761 vale.
616 3708 744 3768 Witteb.
763 3710 810 3764 die
828 3711 1001 3773 Wenceslai
1020 3714 1158 3774 MDxx.

445 3940 973 3975 'm-v—
