2574 4732
579 267 670 334 tntu.
1086 272 1146 340 19³

99 426 179 485 unde
207 425 328 483 veniunt
351 425 414 483 iste
437 421 645 482 meditationes
660 437 669 481 z
696 438 744 482 ree
759 423 816 481 iste
834 426 964 482 necdum
982 425 1077 484 habet
1092 428 1148 486 ini.

101 523 176 580 tium
191 537 279 577 suum
299 536 368 575 meo
386 520 521 590 judicic,
540 527 656 574 tentum
671 518 756 575 abest
778 528 810 573 ut
831 519 918 575 linem
938 537 1059 593 sperare
1076 540 1147 594 pos.

99 618 160 675 sint
171 615 301 672 Romani
319 629 471 685 proceres.
508 612 631 668 Mittam
652 613 687 677 ad
710 624 740 668 te
755 629 849 681 nugas
864 630 968 682 mess,
981 628 1015 672 ut
1032 618 1150 687 videus,

101 727 139 765 en
156 717 242 765 recte
256 707 386 765 divinem
408 698 630 767 Antichristnm
647 706 731 761 illum
747 723 852 761 verum
870 707 959 778 jmcts
975 708 1147 778 Pauluml)

97 805 132 871 in
156 802 294 858 Romanu
312 803 395 856 curia
414 816 557 870 regnare:
574 785 734 872 pejoremd
750 798 766 871 )
784 799 895 856 Turcis
913 816 979 859 esse
993 803 1149 874 hodie⁶),

100 905 175 970 puto
194 911 244 951 me
264 895 474 950 demonstrare
491 909 591 965 posse.
681 952 683 957 ,
772 917 774 921 >
884 917 886 922 ·
927 968 931 975 Ι
1008 889 1009 892 ’

168 988 272 1045 Edidit
285 989 450 1059 impressor
462 996 568 1043 noster
580 985 808 1058 appellationem
821 1001 919 1042 meum
930 988 966 1043 ud
978 991 1150 1063 concillum,

102 1083 196 1139 multe
212 1093 243 1138 et
262 1097 367 1150 magne
386 1081 571 1152 displicentia
590 1096 671 1135 mee:
698 1083 750 1138 sed
769 1090 870 1136 actum
897 1091 954 1138 est.
990 1082 1080 1139 Volui
1097 1086 1154 1143 im.

103 1192 237 1248 pressum
252 1176 327 1246 apud
340 1190 388 1228 me
404 1190 541 1229 servare:
562 1173 648 1229 Deus
662 1183 760 1229 nutem
779 1176 833 1230 ulia
848 1177 976 1245 cogitat:
995 1177 1153 1235 latratores

104 1270 146 1325 illi
159 1271 235 1324 mire
254 1278 357 1323 contra
376 1285 425 1322 me
444 1267 695 1338 laurentumque,
715 1269 767 1323 sed
783 1268 855 1325 nihil
870 1269 1042 1341 proficiunt.
1078 1270 1158 1327 Ort·

104 1363 217 1420 tionem
231 1363 425 1428 Dominicnm
440 1362 496 1417 sub
514 1361 651 1417 incudem
665 1364 807 1419 revocavi
823 1354 983 1419 vernacdle
999 1364 1158 1423 edendum.

105 1455 200 1512 Mitto
219 1465 250 1510 et
269 1456 339 1511 alias
362 1471 455 1525 nugas
474 1470 573 1523 mens,
600 1456 736 1525 scilicet,
764 1459 977 1527 responsiones
1000 1459 1035 1513 etl
1055 1459 1158 1514 literas

106 1549 148 1604 D.
166 1549 291 1620 Legati:
323 1550 374 1603 sed
393 1550 451 1603 huc
475 1549 556 1618 fide,
580 1558 613 1602 ut
636 1549 702 1603 hsec
727 1550 827 1603 omnis
850 1561 1009 1622 postquam
1031 1553 1158 1622 legeris,

107 1645 274 1699 reverendo
301 1642 385 1697 Patri
416 1640 538 1698 Vicario
561 1641 672 1696 mittas.
716 1640 856 1713 Expecto
882 1644 1050 1701 homicides
1072 1660 1158 1703 meos

108 1752 147 1791 ex
167 1736 242 1790 urbe
261 1735 307 1791 vel
328 1736 545 1805 undecunque:
568 1748 711 1790 censuras
733 1736 830 1789 miror
853 1736 975 1791 differri.
1004 1737 1158 1794 Dominus

108 1831 284 1902 praepositus
303 1813 583 1894 Kembergensts‘)
614 1825 741 1880 enimam
770 1828 898 1883 reddidit
925 1831 954 1884 in
979 1839 1081 1901 peste:
1105 1832 1160 1889 sed

107 1931 170 1977 tam
196 1922 297 1992 quieta
320 1931 350 1974 et
377 1919 462 1974 suavi
488 1927 602 1985 morte,
619 1930 654 1974 ut
676 1935 828 1989 nunquam
852 1923 890 1979 du
909 1923 1034 1992 alicujus
1059 1935 1161 1981 morte

109 2014 217 2069 inerim
234 2014 327 2081 magis
347 2012 484 2081 gavisus:
511 2012 611 2067 omnin
626 2012 872 2071 christianissime
893 2025 923 2073 et
943 2018 1019 2072 dixit
1041 2027 1075 2073 et
1098 2019 1160 2088 egit

108 2107 251 2177 usquein
273 2105 379 2161 linem:
398 2106 502 2176 plenus
523 2104 580 2160 fide
599 2114 632 2161 et
646 2105 753 2161 fiducia
773 2109 888 2179 cupivit
905 2109 1038 2165 dissolvi.
1059 2111 1182 2167 'Bene--

109 2202 207 2257 dictus
225 2200 321 2256 Deus.
356 2200 391 2255 In
410 2201 513 2256 locum
534 2203 599 2269 ejus
618 2201 764 2256 suffectus
786 2211 833 2256 est
853 2201 900 2256 M·
920 2202 1160 2262 Burtholo'maest
1250 2246 1252 2251 -

108 2294 333 2377 Fpldlrirchius,
353 2294 470 2350 Rector
491 2293 701 2350 Universitutis
721 2303 841 2349 nostres.
882 2295 966 2351 Nihil
990 2297 1067 2355 aliud
1088 2301 1161 2356 novi

110 2391 187 2460 apud
206 2406 272 2445 nos.
308 2387 445 2443 Studium
463 2393 703 2443 noctium-more
718 2388 915 2444 formicarum
934 2390 1041 2446 fervet.
1076 2393 1164 2466 Vale,

111 2493 142 2537 et
167 2484 261 2538 saluta
296 2483 468 2538 salutandos
498 2489 622 2551 omnes,
653 2483 819 2553 praesertim
856 2481 898 2538 D.
931 2485 1163 2554 praedicatorem

113 2575 303 2630 Scbsldinum
329 2584 360 2629 et
384 2575 473 2630 alium
496 2574 698 2645 Magistrum,
724 2576 856 2629 maxime
882 2586 981 2630 sutem
1006 2578 1166 2635 Pircluhei.

112 2683 230 2723 merum
254 2675 285 2723 et
309 2666 469 2722 Albertum
494 2667 613 2731 Dllrer,
636 2667 681 2721 D.
710 2665 967 2740 christophorum
994 2669 1166 2728 Scheurlln.

36 2829 41 2838 ·
112 2760 155 2815 D.
174 2759 285 2815 Eccius
302 2758 410 2814 scribit
425 2758 483 2815 sibi
500 2775 561 2815 non
581 2758 693 2830 ubique
712 2759 833 2830 placere
852 2776 910 2814 nec
929 2760 1041 2832 ubique
1065 2763 1168 2834 displi.

113 2870 184 2909 cere
206 2853 432 2924 responsionem
454 2867 552 2906 meum
572 2859 680 2906 contra
697 2851 893 2908 silvestrum:
923 2854 975 2908 sed
996 2864 1096 2910 tumen
1115 2857 1168 2913 ed.

113 2949 156 3003 dit
179 2962 272 2999 unum
293 2943 561 3016 prudentissimum
584 2951 614 2997 et
636 2959 742 2998 verum
758 2944 905 3014 verbum,
935 2946 1068 3016 scilicet,
1086 2949 1167 3005 scire

113 3055 164 3103 se,
184 3056 244 3094 non
267 3039 364 3106 magni
387 3038 465 3111 apud
486 3053 535 3092 me
553 3037 669 3091 referre
691 3053 778 3092 suum
792 3037 949 3106 judicium.
991 3039 1070 3096 Nam
1092 3059 1166 3099 vere

113 3133 186 3188 nihil
217 3133 293 3203 apud
314 3147 362 3186 me
386 3130 419 3185 fit
444 3147 533 3187 suum
561 3130 731 3186 consilium.
778 3129 822 3184 Ee
845 3148 911 3202 quse
935 3133 971 3186 ud
1000 3135 1167 3202 Augustam

115 3228 222 3293 mitto,
249 3241 338 3293 spero
365 3225 485 3279 curabis
503 3225 663 3279 reddenda.
707 3223 780 3278 Vale
796 3226 918 3296 iterum.
952 3226 1073 3298 Raptim
1097 3229 1168 3286 suh.

115 3318 208 3373 hatho
226 3319 397 3374 Dominiccc
416 3322 442 3374 3.
463 3319 643 3386 Adventus,
663 3317 846 3377 Mvalll.

118 3505 640 3533 Μ

170 3670 200 3718 c)
226 3666 266 3712 co
277 3666 299 3711 d.
315 3667 357 3713 cl.
372 3678 460 3723 ‚verum
477 3675 501 3712 et
516 3665 637 3713 intentum
651 3679 666 3714 c
679 3666 763 3716 esula.

170 3745 202 3792 d)
230 3743 302 3791 cod.
322 3745 365 3792 ct.
388 3744 501 3800 priorem.

170 3825 199 3870 e)
229 3821 302 3867 eod.
325 3821 368 3868 cl.
390 3821 538 3875 rumnni,?)
557 3821 642 3872 hodie.

172 3898 183 3941 i
191 3905 198 3948 l
229 3900 299 3946 θοὰ.
322 3901 365 3947 cl.
390 3902 577 3950 Cameracensis.

201 3994 273 4073 vn.
296 3993 323 4065 l.
