2574 4732
110 301 128 359 s
541 282 544 293 '
588 294 676 359 1⁵10.
713 308 716 314 ·

111 467 176 520 ego·
191 451 229 506 de
253 464 344 511 causa
363 449 533 506 innocentis
555 458 586 506 et
612 451 780 517 doctissimi
808 450 959 509 Johannis
982 450 1157 522 Reuehiia,

111 555 217 600 contra
235 560 307 599 suos
326 546 449 600 remulus
470 545 684 621 colonienses·
712 546 789 604 sitne
807 546 837 605 in
856 545 991 616 periculo
1010 545 1079 602 fidei
1108 546 1158 602 vel

109 639 242 718 heresis.
257 637 360 694 .Noati
383 652 501 708 autem,
518 640 632 715 optime
651 639 811 709 Magister,
831 640 912 710 quod
928 649 959 692 et
978 656 1035 708 ego
1056 640 1159 697 homi.

109 750 180 790 nem
198 734 355 803 iumagus
377 733 505 801 habeam
523 736 620 804 pretio
642 744 673 789 et
692 735 819 802 affectu,
837 742 868 788 st
883 733 1031 803 judicium
1052 751 1157 791 meum

108 829 190 892 forts
218 840 393 899 suspectum
419 838 481 896 est,
513 831 581 900 quia
609 826 667 897 (ut
689 828 822 895 dicitur)
851 826 929 882 liber
954 839 984 882 et
1011 830 1156 903 neutralis

109 939 171 977 non
192 939 277 985 sum;
295 910 395 996 tamen
415 924 483 994 quia
506 925 618 990 exigis,
643 922 713 977 dicu
732 922 814 993 quod
832 921 947 976 sentio:
975 922 1049 979 mihi
1070 939 1159 999 pror.

107 1031 163 1081 ,sus
178 1016 252 1075 nihil
273 1031 435 1087 apparere,
454 1017 484 1070 in
504 1019 587 1072 omni
603 1015 667 1087 ejus
686 1014 801 1085 scripto
818 1014 963 1082 consilio,
981 1016 1065 1090 quod
1079 1015 1160 1085 peri.

111 1109 251 1163 culosum
271 1109 320 1162 ait.
360 1148 372 1169 .
987 1124 990 1129 Δ

180 1203 325 1257 Admiror
337 1210 436 1257 autern
456 1203 655 1259 vehementer
669 1203 876 1265 colonienses.
894 1204 930 1259 ad
947 1203 1017 1273 quid
1036 1203 1158 1260 tandem
1191 1196 1195 1205 '

111 1305 172 1352 tam
200 1297 398 1366 perplexum,
424 1314 459 1352 ac
483 1299 569 1373 plane
591 1300 649 1364 (ut
669 1297 741 1368 ipsis
764 1295 902 1364 videtur)
929 1295 1048 1352 Gordio
1075 1297 1157 1354 nodo

110 1390 351 1460 perplexiorem‚
370 1392 399 1445 in
421 1391 587 1462 tam'plano
607 1388 708 1463 scirpo
730 1392 906 1463 quaeritent,
924 1407 994 1445 cum
1013 1391 1077 1462 ipae
1095 1402 1156 1445 tam

110 1482 227 1537 solenni
244 1485 462 1559 protestatione
484 1486 670 1541 creberrime
686 1497 803 1546 utatur,
824 1495 914 1555 atque
930 1500 991 1539 non
1013 1483 1158 1538 articulos

112 1575 198 1642 fidei,
218 1579 270 1632 sed
291 1580 407 1634 consilii
428 1582 601 1651 opinionem
621 1588 722 1652 ponat.
759 1578 835 1653 Qun
859 1580 923 1632 duae
942 1594 991 1632 res
1011 1579 1088 1648 apud
1108 1593 1158 1631 me

110 1670 153 1733 ita
173 1687 241 1726 eum
260 1670 452 1730 absolvunta
471 1684 551 1731 tanta
569 1674 794 1746 superstitione,
812 1683 846 1728 ut
867 1674 892 1728 sl
914 1673 1049 1728 omnium
1061 1671 1158 1727 haere.

112 1763 192 1820 sium
224 1766 386 1823 colluviem
412 1769 441 1824 iu
471 1785 527 1825 suo
556 1770 683 1827 consilio
713 1773 945 1836 congregasset,
976 1767 1097 1841 integrae
1128 1773 1160 1818 et

112 1874 195 1939 puras
219 1857 287 1915 fidei
314 1878 384 1916 enm
406 1863 573 1921 crederem.
611 1863 640 1921 st
666 1864 744 1919 enim
769 1845 1004 1936 protestationes
1033 1859 1106 1914 tales
1129 1865 1159 1912 et

113 1952 271 2033 opiniones
288 1955 457 2030 epericulo
480 1973 540 2011 non
558 1966 628 2012 suot
647 1957 765 2024 liberae,
790 1953 954 2021 timendum
978 1952 1066 2008 nobis
1086 1951 1159 2019 erit,

113 2062 152 2112 pe
169 2045 249 2101 forte
269 2049 388 2112 tandem
406 2064 462 2120 pro
481 2048 567 2104 libito
587 2049 637 2113 isti
656 2048 851 2121 inquisitores
868 2047 1009 2118 incipiant
1027 2044 1160 2100 camelos

106 2132 223 2216 'glutire
241 2136 273 2195 ,e't
290 2139 403 2195 culices
423 2141 544 2211 colare,
562 2151 592 2197 et
609 2141 822 2208 orthodoxos,
839 2138 956 2204 etiamsi
971 2139 1070 2193 omnia
1090 2153 1161 2210 pro.

113 2239 282 2300 testentur,
299 2249 356 2303 pro
376 2233 527 2299 haereticis
546 2235 757 2305 pronunciare.

181 2322 253 2379 dam
274 2327 401 2393 veredo
423 2327 483 2389 hoc
504 2329 575 2399 quid
599 2330 716 2396 dicam,
745 2326 827 2400 quod
851 2321 1021 2381 Beelzebub
1051 2321 1165 2392 ejicere

114 2416 299 2486 moliuntur,
317 2429 348 2483 et
361 2435 423 2475 non
437 2421 467 2476 in
487 2422 579 2491 digito
592 2423 678 2481 Dei?
695 2422 762 2478 Hoc
780 2431 841 2487 est,
861 2419 943 2492 quod
960 2434 1038 2488 saepe
1054 2419 1164 2489 plango

114 2520 145 2569 et
160 2511 260 2571 doleo·
295 2511 376 2586 Quia
391 2531 450 2574 noe
465 2515 808 2588 Christianiincepimus
826 2515 903 2572 ioris
920 2529 1044 2586 sapere,
1063 2521 1093 2566 et
1109 2512 1166 2567 do.

114 2605 155 2658 rni
172 2605 318 2677 desipere.
357 2608 537 2682 Centuplum
555 2611 675 2681 pejores
690 2620 760 2666 sunt
775 2609 968 2680 blasphemias
985 2623 1039 2678 psr
1059 2620 1166 2661 omnes

114 2699 227 2772 plateas
245 2699 435 2773 Jerusalem,
453 2713 484 2758 et
502 2707 602 2760 omnia
622 2704 827 2777 spiritualibus
845 2703 933 2759 idolis
956 2702 1054 2773 plena.
1089 2698 1166 2774 Qun

115 2811 189 2849 cnm
205 2811 324 2851 summo
346 2784 405 2852 sint
425 2800 524 2854 studio
543 2801 693 2863 tollenda,
719 2809 860 2868 tanquam
884 2794 1016 2851 intestini
1039 2793 1166 2854 hostes.

113 2905 172 2945 nos
195 2898 293 2945 tamen
318 2893 432 2949 relictis
454 2895 593 2950 omnibus
612 2895 687 2954 illia.
713 2909 778 2964 qun
802 2906 858 2945 nos
882 2891 1014 2944 maxime
1039 2893 1166 2957 urgent,

116 2984 151 3036 ad
169 2999 289 3040 exterae
310 2996 340 3041 et
362 2989 534 3056 peregrinas
553 2965 658 3044 causas
672 2986 895 3051 convertimur,
922 2981 1065 3039 suadente
1086 2979 1168 3036 scili.

116 3087 166 3132 cet
181 3077 313 3134 Diabolu
323 3119 333 3147 ,
351 3094 383 3134 ut
400 3094 503 3136 nostra
520 3084 711 3146 deseramus,
729 3090 759 3134 et
777 3078 869 3133 alienu
884 3094 944 3132 non
960 3077 1166 3132 emendemus.

183 3170 329 3227 Potestne
352 3173 484 3228 obsecro
504 3176 563 3230 isto
583 3175 648 3229 selo
675 3154 923 3242 al'iquid‘stullius
950 3180 980 3225 et
996 3170 1171 3240 impruden.

116 3263 176 3318 tlus
195 3265 341 3333 cogitari?
365 3266 448 3320 Itane
464 3283 525 3322 non
546 3264 659 3323 hubent
680 3266 816 3322 infelices
839 3264 1036 3320 colonienses
1055 3264 1086 3319 in
1104 3261 1168 3317 Ec.

116 3357 206 3412 alesia
229 3358 307 3414 ieras
329 3368 357 3413 et
374 3359 647 3418 turbulentissimas
670 3377 793 3429 causas,
818 3360 870 3416 ubi
888 3367 1051 3415 exerceant
1070 3357 1170 3413 scien.

115 3451 207 3520 tiam,
235 3453 350 3521 zelum,
375 3454 553 3510 charitatem
573 3473 682 3526 sunm,
709 3467 742 3511 ut
766 3471 891 3512 necesse
909 3455 949 3511 sit
966 3469 1020 3508 eos
1040 3460 1102 3507 tam
1122 3468 1171 3506 re.

115 3545 241 3603 melisa
263 3546 352 3602 nobis
371 3548 522 3604 mentibus
542 3551 606 3606 illas
624 3552 795 3624 exquirere.

95 3639 96 3643 ’
183 3641 241 3696 Sed
265 3643 335 3711 quid
355 3643 455 3698 facio?
481 3644 601 3714 plenum
618 3656 664 3701 est
683 3661 856 3701 cormeum
874 3645 984 3700 harum
1010 3638 1172 3712 cogitatio.

115 3750 188 3789 num
204 3737 317 3804 magis,
336 3753 425 3808 quam
446 3738 543 3809 lingua
564 3742 664 3795 dicere
680 3740 785 3811 possit.
820 3738 889 3792 Hoc
906 3738 1028 3792 tandem
1045 3735 1172 3791 conclu.

115 3828 177 3896 do,
195 3844 265 3884 cum
286 3847 341 3903 per
357 3848 462 3888 omnes
477 3835 640 3906 prophetas
655 3835 830 3905 praedictum
848 3832 903 3893 eit·
921 3831 1045 3887 Judaeos
1065 3829 1170 3891 Deum

112 3929 146 3982 sl
170 3940 273 3993 regom
301 3942 389 3985 snum
419 3926 574 3983 Christum
596 3927 810 3983 maledicturus
832 3935 863 3981 et
887 3924 1170 3997 blasphematuros,

114 4036 145 4093 et
159 4025 210 4110 qui
227 4024 288 4083 hoc
303 4039 363 4089 uon
379 4021 452 4097 legit
469 4022 516 4097 vel
538 4022 687 4104 intelligit,
705 4021 803 4079 fateor
820 4037 889 4080 eum
910 4019 1045 4077 nondum
1060 4017 1172 4082 vidisse
