2574 4732
528 386 628 466 istd.
1067 409 1105 475 19

59 552 241 613 Venerabili
259 556 356 613 Patri
371 555 574 633 reliqiosoqroe
592 557 692 626 Viro,
713 545 846 634 Geor-pio
861 557 1000 631 Leiffer,
1023 560 1107 617 Ere·

125 650 208 706 mitae
225 651 457 726 Anqustinieno
472 649 687 722 Ersurdinno,
712 654 810 708 Patri
828 670 885 710 ruo
904 657 937 712 in
957 656 1103 715 Domino.

499 798 669 860 Jesus.

57 926 200 1020 Salutem
215 965 245 1021 in
263 962 400 1021 Domino
418 975 450 1021 et
467 966 613 1039 paraclito
631 966 706 1037 ejus.
744 967 868 1038 Optime
885 965 978 1024 Pater
995 977 1023 1025 et
1042 971 1106 1026 dul.

58 1060 104 1115 cis
125 1057 231 1114 Frater
251 1060 281 1113 in
310 1060 470 1125 Domino,
494 1061 581 1114 audio
601 1061 832 1117 Fraternitstem
857 1073 938 1118 tuam
966 1066 1109 1136 procellis

60 1162 203 1209 tentatam
218 1155 321 1222 agitari
342 1164 373 1209 et
397 1156 486 1210 variis
504 1155 645 1211 fluctibus
664 1156 842 1226 inquietari:
861 1158 913 1211 sed
931 1156 1110 1214 benedictus

60 1245 146 1304 Deus
170 1259 255 1319 pater
277 1250 552 1306 misericordiarum
576 1259 606 1304 et
636 1250 720 1303 Deus
751 1251 843 1306 totius
868 1252 1109 1322 consolationis,

61 1344 111 1414 qui
129 1343 264 1415 providit
280 1343 334 1399 tibi
353 1346 519 1416 optimum,
538 1334 681 1416 quantum
698 1345 727 1398 in
742 1343 917 1400 hominibus
935 1358 1036 1417 potest
1053 1347 1109 1402 ha.

60 1436 147 1505 beri,
173 1437 349 1510 paraclitum
375 1450 406 1493 et
432 1438 681 1506 consolatorem,
714 1437 752 1492 R.
777 1437 901 1493 Patrem
924 1439 1109 1508 Magistrum

60 1530 331 1587 bartholomaeum:
351 1539 467 1585 tantum
484 1548 564 1586 curte
580 1543 638 1586 tuae
653 1531 758 1600 fuerit,
774 1547 864 1585 sensu
879 1542 911 1586 et
927 1535 1108 1588 sentimento

61 1626 187 1698 proprio
204 1624 325 1696 abjecto
344 1625 423 1680 illius
441 1625 543 1680 verbis
564 1625 667 1679 locum
683 1625 755 1678 dare
776 1625 805 1679 in
821 1627 915 1680 corde
935 1616 999 1680 tun.
1037 1627 1113 1681 Cer.

62 1728 110 1776 tus
134 1719 215 1775 enim
235 1735 303 1775 sum
326 1728 357 1773 et
381 1733 423 1773 ex
442 1719 551 1772 meist
577 1718 621 1772 tui
643 1717 827 1788 experientia
847 1720 972 1788 doctus,
995 1721 1057 1776 imo
1080 1730 1112 1777 et

62 1813 219 1881 omnium,
238 1826 315 1883 quos
336 1827 471 1882 unquam
486 1810 546 1865 vidi
564 1811 726 1881 inquietos,
748 1811 832 1878 scio,
852 1814 934 1883 quod
956 1815 1020 1869 sola
1033 1832 1112 1886 pru.
1127 1850 1133 1865 .,

61 1907 162 1964 dentis
179 1921 286 1963 sensus
302 1904 398 1959 nostri
417 1919 505 1958 causa
522 1904 562 1959 sit
584 1912 614 1958 et
629 1905 716 1961 radix
734 1905 880 1959 universas
900 1905 1112 1978 inquietudinis

59 2010 187 2058 nostrae.
223 1996 341 2054 Oculus
362 1997 440 2051 enim
459 2005 563 2052 noster
584 2013 712 2068 nequam
726 2009 772 2054 est
793 1999 892 2063 valde,
914 2009 944 2055 et
959 2007 991 2054 ut
1010 2000 1047 2055 de
1061 2016 1111 2054 me

59 2094 197 2165 loquer,
214 2091 284 2147 hui!
305 2091 335 2147 iu
353 2092 536 2164 quantisme
554 2091 682 2148 miseriis
699 2093 840 2161 vexavit,
857 2102 888 2149 et
906 2109 1000 2166 usque
1017 2095 1110 2149 modo

62 2195 156 2244 vexet
177 2195 324 2242 extreme.

132 2279 222 2335 Crux
241 2279 354 2336 Christi
375 2280 469 2336 divise
487 2285 533 2337 est
555 2296 609 2354 per
632 2289 731 2337 totum
756 2280 919 2336 mundumr
948 2280 1113 2356 unicuique
1175 2345 1178 2349 ⁴

63 2391 116 2432 sua
136 2373 238 2448 portio
259 2372 383 2429 obvenit
405 2389 534 2446 semper.
579 2375 629 2429 Tu
653 2391 726 2444 ergo
747 2390 785 2428 ne
810 2373 931 2444 abjicias
950 2391 1034 2439 eam,
1060 2373 1114 2428 sed

55 2466 166 2538 ,potins
183 2477 217 2522 ut
235 2480 439 2524 sacrosanctas
454 2468 594 2540 reliquias
613 2467 773 2541 suscipias,
792 2483 853 2522 non
872 2468 901 2522 in
921 2483 1045 2521 aureum
1066 2465 1114 2519 vel

65 2569 241 2630 argenteum
261 2562 430 2631 ferculum,
449 2562 548 2617 sedin
571 2577 718 2628 aureum,
736 2560 765 2615 id
788 2569 852 2628 est,
870 2571 1025 2616 mansueta
1045 2557 1117 2612 cha.

64 2655 156 2710 ritate
178 2654 327 2710 imbutum
348 2671 415 2712 cor.
457 2654 485 2708 Si
508 2654 587 2709 enim
606 2654 719 2722 lignum
734 2654 835 2708 crucis
853 2661 998 2707 contactu
1016 2651 1116 2706 carnis

66 2757 99 2804 et
113 2749 263 2818 sauguinis
285 2747 399 2804 Christi
418 2748 459 2803 ita
477 2747 688 2803 consecretum
704 2755 769 2812 est,
796 2754 828 2800 ut
847 2745 979 2815 reliquiae
994 2743 1120 2798 nobilis.

63 2842 146 2898 sime
161 2842 344 2898 habeantur:
371 2848 484 2913 quanto
498 2838 594 2916 magis
607 2839 747 2908 injurias,
765 2838 1033 2909 persequutiones,
1052 2853 1121 2906 pas.

66 2935 191 2998 dones,
221 2945 252 2991 et
277 2936 344 2992 odis
371 2934 553 3000 hominurn,
581 2931 814 3002 sivejustorum
839 2931 902 2986 aive
920 2929 1120 3001 injustorum,

65 3029 264 3086 sanctissimo
284 3038 354 3085 sunt
378 3028 529 3101 reliquiae,
551 3042 616 3098 quas
640 3043 702 3082 noa
724 3034 809 3082 tectu
832 3025 931 3080 carnis
951 3023 1034 3094 ejus,
1064 3026 1117 3080 sed

67 3123 283 3178 amarosissimi
314 3123 416 3178 cordis
442 3122 488 3178 sui
514 3132 545 3177 et
570 3120 683 3176 deificae
708 3120 870 3176 voluntatis
894 3136 955 3174 sues
975 3119 1120 3174 charitate

67 3219 240 3290 amplexae,
275 3217 416 3274 osculatae
444 3227 475 3272 et
500 3204 665 3272 benedictas
682 3255 693 3284 ,
725 3216 909 3286 nimiumque
936 3224 1121 3269 consecratus

69 3323 158 3373 sunt,
175 3313 243 3383 quia
259 3311 430 3366 maledictio
446 3326 593 3366 conuersa
613 3319 659 3365 est
678 3310 707 3363 in
728 3309 994 3376 benedictionem,
1026 3318 1055 3360 et
1078 3307 1123 3361 in.

64 3404 147 3476 juria
174 3406 204 3459 in
231 3404 423 3475 aequitatem,
454 3414 483 3459 et
507 3405 604 3476 passio
627 3405 824 3473 ingloriam,
850 3411 881 3457 et
899 3418 979 3457 crux
998 3403 1028 3455 in
1050 3386 1121 3469 gau.

69 3498 164 3555 dium.
199 3497 417 3563 Valepdulcis
442 3497 537 3554 Pater
561 3507 591 3553 st
613 3490 736 3564 Frater,
764 3508 794 3553 et
817 3513 870 3553 ora
896 3513 953 3568 pro
978 3512 1038 3550 me.
1072 3495 1122 3549 Ex

67 3590 416 3662 Wittembsrg,15.die
435 3591 565 3665 Aprilis,
591 3607 668 3646 anno
687 3589 841 3648 Mnxv1.

571 3683 601 3740 tt.
620 3685 770 3743 lttsrrinus
787 3684 943 3743 Luthsrus
960 3682 1121 3753 Augustis,
1171 3716 1173 3721 .

454 3891 743 3913 ιιι-*ιι-
