2574 4732
567 327 662 399 tots.
1084 324 1146 395 ²71

89 491 165 552 nihil
190 491 229 548 tle
260 483 430 546 cunetatio
465 485 645 560 requirens?
677 485 759 561 Quid
780 485 845 543 hoe
868 485 1019 544 monstri?
1048 483 1145 544 Mitto

91 599 233 660 utresque
256 586 321 657 ejus
341 586 462 640 titensa
482 582 585 640 scribo
605 582 632 637 ei
648 582 711 652 jam
730 581 832 637 tertio.
857 580 1004 652 Consule,
1021 597 1144 654 queso,

89 683 162 756 qnid
183 680 236 735 tibi
256 680 402 737 videatur.

156 775 287 830 Scharto
305 782 412 828 nostro
430 770 563 838 curabo,
587 771 619 827 sl
632 766 755 842 possunt
773 768 901 825 servire.

157 869 309 925 Caeterum
338 867 375 921 de
401 866 579 921 sacerdotali
588 903 604 932 ‚-
628 864 710 937 quod
733 864 825 935 petis,
850 865 911 919 vita
930 863 1142 936 describenda,

86 979 145 1018 cur
174 978 190 1016 a
225 975 272 1016 rne
297 962 397 1031 petis,
436 961 486 1031 qui
513 968 572 1013 tam
602 962 727 1033 copiose
756 959 869 1014 habeas
897 958 1080 1030 Apostolum
1104 960 1143 1017 etl

87 1056 195 1113 Titum
214 1065 245 1111 et
263 1053 461 1110 Timotheum
480 1053 677 1109 dieerreatem
698 1054 727 1108 in
745 1053 825 1108 hanc
843 1053 930 1107 remi

165 1150 232 1218 Ago
261 1149 370 1217 gratiae
391 1162 448 1218 pro
474 1162 622 1215 munere,
657 1147 882 1203 satisfacturum
905 1145 1008 1201 Deum
1035 1130 1143 1202 offero.

51 1270 54 1277 »
87 1241 163 1297 Vale
183 1242 213 1297 in
236 1241 382 1298 Domino.
430 1239 537 1296 Nostri
563 1257 669 1298 omnes
693 1241 794 1298 Caroli
819 1242 921 1297 literas
939 1238 1016 1296 talea
1040 1238 1146 1296 existi-

89 1342 198 1405 ruant,
222 1345 257 1392 ut
279 1352 328 1391 me
359 1337 493 1392 omnium
510 1335 626 1407 judicio
648 1336 766 1391 sibilum
782 1337 860 1391 'fore
886 1333 1090 1398 arbitrentur,
1118 1332 1146 1388 ei

89 1438 219 1502 propter
251 1447 303 1488 eae
332 1445 382 1486 me
410 1429 509 1487 itineri
541 1432 654 1486 darem.
701 1429 786 1485 Ferit
817 1431 848 1484 2.
875 1426 1033 1491 Jubilate.
1065 1441 1144 1482 anno

90 1522 243 1581 Mnxtx.

590 1616 625 1672 F.
644 1615 798 1673 Martinus
815 1614 990 1682 Lutlrerue,
1009 1613 1138 1684 August.

504 1904 747 1979 utalaae.

393 2026 895 2132 Romnumcttsacerdorm'

313 2274 340 2331 l.
375 2273 426 2332 De
441 2276 521 2335 uictu
536 2276 730 2334 sacerdotum
748 2281 925 2350 temperato.

77 2427 249 2536 ‚Quicquid
270 2464 307 2522 de
326 2465 451 2537 prandio
476 2466 582 2534 fuerit,
601 2483 716 2524 coenam
735 2483 801 2523 esse
817 2483 940 2540 parcam
954 2475 986 2522 et
999 2465 1146 2522 brevem:

89 2558 212 2629 corpori
232 2565 262 2611 et
284 2558 387 2612 animae
401 2560 536 2631 prodest,
551 2570 631 2616 sicut
648 2571 678 2616 et
696 2561 840 2616 Horatius
862 2561 916 2615 ait:
940 2560 1032 2615 Coenu
1046 2557 1146 2613 brevis

83 2651 197 2719 juvat,
224 2655 252 2703 et
271 2663 368 2717 prope
384 2651 484 2706 rivum
502 2668 626 2708 somnus
641 2653 674 2708 in
695 2651 799 2709 herba.
835 2651 876 2708 Et
891 2650 1011 2708 Euclea.
1030 2649 1144 2707 XXXI.

92 2743 225 2798 Somnus
248 2742 395 2797 sanitatis
412 2743 445 2799 t'n
463 2742 584 2799 mne
601 2761 719 2814 porco:
745 2745 859 2801 dormit
878 2760 971 2820 usque
990 2759 1100 2814 marte,
1118 2749 1148 2799 et

87 2838 195 2892 animo
215 2835 311 2905 ipsius
329 2853 390 2892 non
409 2836 475 2907 ipso
493 2834 697 2893 delectabitur.
734 2837 836 2908 Quare
852 2852 925 2894 rere
946 2837 1056 2893 dicitur
1072 2853 1145 2910 pro.

86 2931 214 3000 verbio,
230 2929 374 3000 jucunde
393 2928 569 2986 collationes
588 2932 765 3003 vespertinas
786 2931 889 2986 tristes
911 2930 1024 2987 iaciunt
1045 2938 1142 2991 rnatu.

85 3024 172 3081 tinas.
220 3022 362 3094 Denique
392 3023 532 3078 serotinae
563 3022 676 3079 fabella
699 3034 728 3079 et
754 3024 925 3096 potationes
950 3025 1141 3081 destructum

86 3130 193 3192 pectus
211 3133 241 3174 et
261 3117 421 3174 confusum
440 3126 529 3189 ceput
547 3117 673 3178 faciunt.
694 3135 780 3174 mane
800 3134 876 3175 vero
897 3118 1042 3174 refertum
1060 3119 1142 3176 omni

87 3213 264 3283 gravedine,
296 3213 401 3284 pituita
419 3221 449 3266 et
464 3211 641 3284 phlegmate.
678 3211 753 3289 Qua
770 3213 1144 3284 mircimpediuntaacer.

88 3307 168 3362 dotis
194 3306 324 3361 officium
350 3319 414 3360 tum
441 3305 563 3367 orandi.
594 3317 658 3362 turn
677 3305 875 3363 sacrificandi.
911 3305 1015 3380 Quare
1037 3315 1071 3362 ut
1089 3307 1142 3364 hlc

87 3400 196 3470 vigiles
211 3402 356 3457 adversus
375 3402 404 3456 id
418 3400 529 3455 malum
547 3400 817 3470 generalissimum:
836 3417 907 3460 aero
922 3402 1043 3472 cogita,
1061 3402 1143 3476 quod

83 3511 145 3550 non
165 3494 278 3564 poteris
298 3496 424 3566 perdere
444 3511 622 3568 vesperam,
653 3494 867 3566 quin‘omoino
889 3494 939 3551 rel
958 3512 1056 3570 prope
1074 3511 1145 3569 per.

84 3584 195 3643 dideris
215 3597 245 3642 et
263 3603 349 3642 mane
368 3598 398 3644 et
419 3597 520 3644 toturn
543 3589 621 3644 diem
640 3597 827 3661 sequentem.
866 3587 1005 3662 Experto
1029 3589 1142 3646 credet

85 3683 110 3737 si
130 3699 192 3738 non
209 3683 373 3738 credideris
391 3694 543 3756 experto,
560 3683 795 3753 expertusolim
814 3685 931 3746 credes.

378 3841 417 3897 11.
455 3839 504 3896 De
520 3841 713 3898 socerdotwn
730 3840 841 3898 studio.

152 3954 285 4030 Vespere
301 3959 425 4014 omnino
448 3960 558 4031 aliquid
580 3977 619 4016 ex
635 3961 733 4017 sacris
756 3961 850 4016 literis
871 3967 976 4014 tecum
995 3957 1025 4013 in
1049 3956 1143 4012 corde

85 4049 164 4104 feras
182 4052 218 4107 ad
235 4050 360 4122 lectum,
378 4069 440 4125 quo
453 4054 536 4110 velut
553 4057 699 4111 muudum
718 4054 826 4111 animal
844 4053 997 4110 ruminans
1008 4051 1140 4109 suaviter
