2574 4732
179 312 244 384 tea
493 328 495 333 ·
671 306 761 373 tsaa.

176 471 313 540 :denique
331 464 567 523 Universit'stem
585 471 721 519 nostram
739 465 768 519 in
787 462 951 521 ludibrium
968 468 1098 536 poneret
1116 470 1148 520 et
1166 480 1244 522 con.

176 565 329 620 coiceret.
364 559 480 626 Nunc,
508 571 578 612 curn
602 557 722 613 videant
745 557 863 613 homini
881 558 1024 614 divinitus
1041 542 1161 621 resisti.
1191 575 1242 614 me

185 656 287 728 glorle's
311 655 420 709 insenos
445 657 599 708 accusent.
642 651 724 726 Quid
749 652 807 719 'ego
829 653 957 720 glorium
975 658 1107 724 quaeram
1124 654 1245 724 miser,

184 750 236 823 qui
261 748 341 804 eliud
364 761 426 823 non
450 754 540 817 peto,
568 760 658 817 quam
676 748 710 799 ut
727 742 861 816 privatus
880 754 911 799 et
927 740 1160 816 intentissimus,
1188 749 1242 804 de.

168 838 266 913 ¹serlo
284 816 423 912 publieo',
441 852 531 908 agere
548 841 685 896 sinerer?
1122 863 1124 867 ·
1224 856 1226 861 ·

151 1004 154 1011 Ι
254 933 372 991 Habeat
397 933 494 990 officia
514 949 600 1002 meu,
625 932 676 1005 qui
702 933 805 996 volet,
832 940 941 988 exurat
964 948 1048 1001 mea,
1067 935 1119 1007 qui
1138 934 1240 993 'solete

186 1029 258 1104 quid
287 1027 414 1100 implius
438 1026 569 1087 faciam.
600 1028 704 1097 rogo?
734 1027 791 1082 Sed
818 1025 880 1082 hoo
906 1028 994 1083 simul
1016 1026 1104 1096 dico,
1130 1029 1156 1084 si
1178 1034 1242 1084 nota

184 1122 344 1196 permittor
369 1120 406 1175 ub
430 1113 529 1176 cilicio
554 1120 681 1175 docendi
710 1128 741 1176 et
764 1120 932 1176 ministerio
951 1120 1037 1176 verbi
1056 1120 1134 1176 liber
1153 1138 1242 1193 esse,

185 1226 271 1272 certe
296 1201 374 1282 liber
399 1230 452 1268 ero
476 1212 507 1268 in
531 1213 699 1268 ministerio
723 1212 884 1281 fungendo.
920 1213 969 1269 Sat
986 1214 1089 1269 multis
1106 1198 1244 1287 peccatis

185 1325 255 1366 sum
273 1317 418 1376 onustus,
438 1323 501 1362 non
519 1307 625 1361 addam
647 1307 737 1362 etism
754 1307 816 1362 hoc
835 1307 1064 1377 irremissibile,
1082 1320 1118 1365 ut
1134 1309 1168 1364 in
1187 1298 1244 1365 mi.

184 1402 344 1459 nisterium
370 1401 504 1472 positus,
536 1400 705 1456 ministerio
732 1401 828 1457 desim
854 1410 885 1457 ct
910 1416 980 1457 reus
1003 1402 1139 1457 inveniar
1158 1405 1243 1476 impii

185 1478 315 1563 silentii,
331 1495 474 1565 neglecto
491 1493 645 1562 veritatis,
665 1502 694 1547 et
711 1503 759 1548 tot
776 1493 903 1549 millium
921 1495 1097 1549 animarum.
1135 1495 1243 1553 Jectet

185 1590 235 1646 ille
263 1588 445 1653 cadinalis,
474 1588 635 1643 ecclesiam
652 1602 737 1643 suam
755 1603 817 1642 nun
841 1605 929 1657 egere
956 1587 1156 1646 defensione:
1185 1607 1242 1646 cur

187 1699 261 1755 ergo
279 1683 435 1739 defendit?

257 1775 536 1851 Omnibus‘modis
562 1776 685 1848 placet,
713 1787 748 1831 ut
777 1774 995 1832 illustrissimus
1025 1775 1175 1848 Princeps
1206 1795 1240 1834 se

186 1886 314 1943 prorsus
334 1871 464 1927 alienum
483 1881 602 1940 gerute
623 1887 711 1927 causa
734 1885 821 1937 mea,
849 1871 928 1925 sicut
945 1871 1105 1941 hucusque
1125 1872 1242 1944 gessit,

187 1973 217 2020 et
241 1981 291 2021 me
312 1964 341 2019 in
365 1964 519 2037 publicum
544 1966 685 2036 projiciat
700 1967 751 2021 ,vel
772 1965 968 2022 erudiendum
987 1966 1035 2019 vel
1055 1964 1243 2020 convincen-

187 2059 276 2114 dum:
294 2073 328 2112 se
347 2075 435 2128 vero,
451 2068 486 2114 ut
505 2060 690 2115 eruditorem
708 2077 796 2129 egere
814 2076 875 2115 non
892 2059 1006 2130 possit,
1025 2059 1064 2113 ita
1084 2075 1141 2113 nec
1159 2059 1242 2129 judi.

187 2146 256 2205 c‘elli
272 2146 350 2218 selle
367 2158 425 2204 nee
442 2148 660 2223 executorem,
678 2153 735 2209 nisi
750 2156 897 2225 producta
916 2162 947 2207 ct
964 2154 1102 2224 exposita
1117 2153 1242 2208 senterl.

185 2242 237 2299 tte.
272 2242 341 2298 Nee
361 2243 465 2298 videre
484 2259 533 2312 se,
560 2247 717 2317 quomodo
735 2248 799 2302 sine
820 2247 940 2314 cognita
959 2256 1065 2313 causa,
1096 2262 1190 2315 quam
1211 2256 1243 2304 et

185 2333 243 2408 l'ptll
259 2342 297 2391 lte
314 2331 411 2391 'verbo
430 2336 551 2407 quidem
566 2347 706 2406 tangunt,
725 2341 821 2408 possit
839 2320 1008 2409 quenquam
1021 2339 1084 2392 sive
1100 2339 1243 2398 Turcattr

186 2423 251 2485 isit'e'
272 2426 410 2483 Ju'diaeum
433 2429 585 2500 plectere,
603 2430 659 2485 nisi
678 2432 771 2485 velint
792 2433 944 2500 Romani,
962 2443 996 2486 ut
1015 2433 1085 2501 ipsls
1104 2432 1242 2492 hornini-

185 2522 245 2580 bus
271 2524 337 2593 plus
362 2518 500 2590 obediat,
519 2538 607 2594 quarn
632 2525 722 2592 Dco,
745 2533 774 2577 et
797 2525 826 2578 in
854 2541 922 2578 curn
953 2534 1124 2594 grassetur,
1145 2544 1241 2600 quem

187 2616 324 2685 nesciet,
349 2616 503 2671 nocensne
529 2629 565 2670 sn
592 2621 736 2673 innocens
755 2619 816 2685 sit,
843 2620 923 2689 quod
949 2620 1029 2673 salva
1054 2623 1243 2678 conscientia

187 2711 253 2766 lieri
274 2728 333 2765 non
358 2721 481 2780 potest,
514 2728 569 2764 nec
589 2713 623 2766 sd
646 2712 735 2767 talem
755 2715 971 2768 conscientium
992 2713 1058 2768 ullis
1080 2719 1243 2786 praeceptis

187 2804 226 2859 lie
249 2800 355 2860 divinis
373 2800 494 2876 quidem
517 2807 616 2873 urgeri
636 2816 737 2876 quest.

258 2893 396 2954 Plectant
419 2890 614 2966 silvestrum,
640 2899 788 2962 Eccitrm,
817 2900 1010 2972 Cajetetrum,
1029 2906 1058 2956 et
1075 2903 1163 2966 elice,
1183 2905 1239 2973 q'ui

186 2990 245 3064 plo
264 2992 358 3060 gloria
376 3006 428 3046 sua
448 2993 527 3047 harro
546 2992 690 3049 Ecclesiae
711 2995 853 3050 Romsnae
874 2997 938 3050 sine
955 2998 1013 3051 nlla
1028 3011 1114 3052 causa
1130 2995 1240 3053 rnov'e.

187 3081 259 3141 runt
279 3082 473 3155 trogmdismz'
499 3102 554 3155 ego
583 3102 649 3142 sum
671 3096 759 3142 'extra
779 3105 899 3143 noxam.
945 3091 1096 3164 Quicquid
1121 3092 1181 3147 leci
1207 3102 1239 3146 et

187 3172 285 3246 idcio,
304 3184 428 3234 coactus
447 3180 543 3249 facio,
570 3186 689 3251 semper
709 3185 865 3253 quiescere
885 3197 1022 3255 paratus:
1048 3187 1140 3239 modo
1160 3187 1239 3241 veri.

187 3265 282 3327 'litem
302 3273 505 3342 evangelicam
520 3282 579 3329 non
591 3277 716 3345 jubeant
733 3279 900 3348 quiescere.
928 3275 1053 3345 Nihit²)
1073 3295 1089 3330 a
1106 3283 1157 3332 m'e
1175 3290 1243 3352 nors,

188 3366 409 3434 impetrabunt,
434 3369 495 3423 imo
522 3369 621 3424 oblate
646 3372 745 3425 omnia
764 3387 871 3443 sponte
893 3370 1064 3440 hibebuirt,
1083 3373 1108 3426 si
1130 3374 1239 3431 salutis

188 3453 267 3512 sitin
288 3454 465 3516 Christianis
485 3462 657 3532 permitrdnt
687 3481 752 3520 esse
772 3464 904 3523 liberam·
947 3465 1014 3522 Hoc
1041 3470 1134 3520 udum
1163 3478 1238 3540 peto

188 3553 226 3607 ab
255 3554 312 3608 illis
345 3555 501 3623 vicissim,
531 3573 565 3611 ac
594 3571 735 3629 praetcrea
764 3559 859 3614 nihil:
891 3559 961 3629 quid
989 3558 1145 3614 honestius
1174 3563 1238 3630 peti

185 3639 307 3721 potest?
326 3637 397 3702 Non
416 3658 486 3716 peto
503 3650 654 3720 galerum,
672 3650 732 3707 noir
752 3656 856 3707 autum
867 3693 876 3721 ,
896 3656 958 3708 nou.
975 3652 1117 3727 quicquid
1133 3651 1241 3710 Roma

188 3736 279 3798 hodie
297 3743 328 3797 ld
346 3742 444 3814 pretio
463 3743 566 3800 habet.

243 4037 276 4086 a)
302 4034 371 4082 cort.
388 4035 417 4089 4
436 4047 492 4093 qne.
