2574 4732
144 332 201 412 lit
470 405 473 409 ,
619 342 706 407 151s.
773 382 781 401 .

207 515 264 571 per
282 497 486 554 Germaniam
502 496 543 553 de·
554 496 652 554 latere
669 497 787 572 Leqato
811 505 864 553 etc.
888 497 920 553 ia
945 495 1063 554 Christo
1082 504 1180 555 metu.

208 591 284 649 endo
299 598 329 647 et
345 590 486 661 colendo,
516 591 628 648 Frater
645 591 809 648 Martinus
833 589 985 648 Luem
1004 591 1133 648 sulutem
1152 602 1181 648 et

207 687 349 758 seipsum.

573 872 597 929 J
613 891 630 930 e
648 890 663 932 s
680 892 700 930 u
719 891 744 932 s.

137 1029 229 1122 Vidit
241 1062 489 1122 reverendissima
500 1062 670 1120 Paternitss
681 1073 744 1130 tua,
757 1062 1006 1120 reverendissime
1017 1061 1047 1117 in
1056 1061 1178 1119 Christo

135 1159 246 1227 Pater,
264 1160 355 1226 vidit,
373 1159 512 1229 inquom,
539 1167 570 1212 et
592 1157 662 1212 satis
680 1156 824 1225 cognovit
843 1173 939 1211 meam
960 1154 1180 1224 obedientiam,

135 1271 194 1326 qun
212 1268 266 1324 per
284 1261 399 1307 tantum
420 1249 479 1304 iter
499 1265 534 1304 ac
555 1265 610 1322 per
630 1256 677 1303 tot
701 1248 848 1320 pericula,
870 1249 1027 1305 imbecillis
1048 1265 1180 1320 corpore

135 1358 166 1403 et
191 1344 398 1418 pauperrimus
425 1354 551 1413 sumtu,
586 1342 650 1398 huc·
671 1358 721 1397 me
746 1341 860 1397 contuli
887 1352 917 1397 et
946 1343 981 1396 od
1004 1344 1180 1423 mandatum

134 1438 311 1496 sanctissimi
330 1436 570 1493 Domininostri
591 1436 702 1491 Leonis
721 1435 760 1490 X.
777 1448 882 1488 coram
903 1433 940 1489 R.
959 1433 996 1490 P.
1022 1443 1072 1489 tua
1095 1452 1181 1491 com.

133 1532 235 1604 parui,
259 1540 290 1586 et
314 1546 364 1585 me
378 1529 493 1586 obtuli·
536 1529 685 1586 Praeteren
710 1528 791 1584 edito
814 1527 916 1584 libello
939 1527 1177 1587 conclusionum,

132 1641 181 1680 me
205 1634 237 1681 et
260 1624 359 1680 omnin
381 1638 449 1678 mea
472 1621 529 1678 sub
555 1606 767 1696 pedibus'suae
784 1621 949 1678 sanctitatis
967 1620 1098 1692 projeci,
1124 1637 1178 1676 ex.

131 1729 255 1792 pectens
276 1725 516 1790 accepturusqne
544 1716 687 1788 quicquid
711 1716 775 1772 sive
799 1707 965 1783 damnanti,
982 1710 1046 1769 sive
1068 1712 1177 1785 tppro.

130 1811 212 1867 bauti
233 1812 330 1867 visum
350 1811 457 1865 fuerit:
478 1819 509 1864 et
521 1810 614 1882 *plane
630 1811 703 1868 nihil
723 1826 772 1865 me
792 1808 930 1865 omisisse
946 1808 1020 1864 mihi
1036 1809 1178 1864 conscius

129 1921 216 1973 sum,
235 1907 316 1976 quod
335 1904 372 1958 ad
390 1902 525 1959 debitum
542 1902 794 1973 obedientemque
810 1901 956 1959 Ecclesia
973 1900 1066 1957 filium
1087 1903 1180 1974 perti.

128 2014 216 2053 nere.
237 1997 324 2052 ossit.
362 2041 369 2050 .
893 2043 897 2049 .

197 2016 301 2162 guare
324 2089 436 2144 frustra
464 2087 515 2142 hic
542 2095 661 2156 tempus
680 2095 782 2142 terere
804 2087 894 2147 nolo.
919 2104 1018 2160 neque
1033 2105 1176 2161 possum,

126 2182 195 2255 qnia
214 2189 245 2234 et
263 2178 510 2246 sumtus-delicit,
530 2188 560 2232 et
577 2177 712 2248 patribus
725 2178 775 2234 bis
788 2177 957 2234 Carmelitis
980 2181 1052 2237 eatis
1070 2198 1175 2251 super.

125 2289 183 2345 que
202 2273 310 2326 fuerim
327 2280 357 2325 et
378 2271 435 2326 sim
454 2286 620 2325 onerosus:
648 2269 778 2324 maxime
798 2285 878 2325 oum.
904 2270 943 2325 R.
961 2271 997 2326 P.
1024 2279 1075 2325 tua
1098 2273 1171 2327 mihi

124 2366 192 2421 viva
212 2381 291 2420 voce
312 2363 477 2429 mandarit,
496 2372 530 2417 ut
550 2363 574 2416 si
596 2360 709 2416 nollem
728 2378 891 2430 revocare,
909 2378 970 2417 non
989 2364 1119 2418 redirem
1140 2366 1169 2419 in

123 2468 321 2530 conspectum
338 2456 378 2511 R.
395 2456 433 2512 P.
451 2465 518 2514 tues.
550 2453 710 2512 R'evocare
730 2456 850 2528 quidet
871 2465 1015 2528 qnantum
1036 2447 1169 2525 valeam,

121 2551 274 2624 prioribus
292 2552 386 2606 literis
405 2550 578 2619 significavi.

189 2629 292 2717 Itaque
313 2660 393 2699 nunc
414 2644 511 2710 abeo,
538 2651 569 2699 et
593 2644 651 2699 alio
678 2660 726 2698 me
754 2643 824 2699 loco
851 2643 1028 2714 provisurus
1056 2645 1169 2714 migro.

120 2738 161 2795 Et
177 2754 345 2811 quanquam
365 2738 440 2793 mihi
457 2738 629 2793 consultum
648 2745 712 2805 est,
730 2737 767 2792 ab
786 2736 833 2792 his
852 2738 958 2805 etiam,
977 2739 1027 2808 qui
1047 2739 1093 2793 vel
1111 2756 1171 2792 ma.

115 2833 201 2902 jones
214 2849 262 2885 me
277 2847 402 2887 movero
420 2839 562 2902 possunt,
580 2841 614 2885 ut
632 2847 648 2883 n
665 2829 705 2885 R.
723 2830 760 2890 P.
780 2840 848 2899 tua,
866 2831 927 2885 imo
944 2847 960 2884 a
981 2832 1169 2888 sanctissimo

118 2925 255 2980 Domino
276 2936 382 2980 nostro
403 2925 507 2980 Leone
524 2925 565 3005 lt.
586 2925 663 2978 male
682 2925 862 2985 informato,
883 2924 919 2978 ad
941 2924 1047 2980 melius
1069 2926 1166 2981 infor.

117 3020 258 3072 mondum
276 3019 362 3084 (scio
383 3019 461 3072 enim
479 2998 531 3072 me⁸
544 3017 677 3088 Principi
697 3000 804 3074 nostro
823 3018 1025 3072 illustrissimo
1049 3030 1170 3086 gratum

117 3110 266 3163 iacturum
286 3111 461 3181 appellando
483 3107 576 3178 magis
596 3126 685 3182 quam
709 3110 904 3174 reuocando)
929 3111 1094 3181 appellem:
1123 3123 1167 3167 ta.

115 3218 208 3269 men,
239 3203 431 3274 quantumin
453 3219 502 3257 me
529 3204 663 3283 fuisset,
680 3220 742 3258 non
765 3203 979 3274 appellassem,
1010 3205 1163 3275 primum,

86 3349 89 3354 ,
115 3295 195 3365 quod
213 3295 286 3350 mihi
304 3311 364 3349 non
382 3296 518 3349 videatur
534 3296 701 3350 necessaria
724 3296 903 3367 appellatio,
922 3296 968 3349 vel
991 3299 1167 3353 commissio

114 3387 149 3442 ad
167 3377 288 3457 partes,
318 3403 388 3441 cum
415 3404 488 3452 ego,
516 3397 548 3442 ut
566 3391 647 3475 dixi,
677 3389 776 3442 omnin
802 3388 830 3442 in
849 3387 996 3458 judicium
1022 3389 1167 3446 Ecclesiae

111 3480 281 3545 retulerim,
301 3489 330 3533 et
346 3495 406 3533 non
421 3481 476 3535 nisi
491 3483 668 3537 sententiam
690 3481 754 3550 ejus
775 3492 946 3550 expectem.
984 3480 1066 3554 Quid
1086 3487 1164 3537 enim

111 3575 189 3629 ultra
208 3573 307 3626 iacere
329 3573 444 3634 debeo,
464 3584 514 3627 aut
530 3575 630 3629 iacere
647 3579 790 3645 possum?
809 3574 916 3644 Neque
936 3576 1015 3627 enim
1037 3590 1084 3628 me
1107 3592 1162 3630 rco

111 3678 162 3722 aut
181 3680 362 3736 responsore
388 3680 464 3737 opus
485 3677 549 3734 est,
573 3668 623 3737 qui
648 3681 706 3720 non
733 3668 803 3738 quid
833 3684 888 3735 ego
912 3668 990 3733 dixi,
1016 3668 1068 3722 sed
1091 3670 1162 3738 quid

109 3759 247 3820 Ecclesia
277 3759 393 3812 dictura
422 3758 477 3828 sit,
501 3760 643 3813 attendo:
668 3775 725 3814 nec
746 3761 934 3829 adversarius
954 3761 1161 3832 contendere,

109 3855 162 3909 sed
187 3853 349 3924 discipulus
377 3852 477 3907 audire
505 3852 587 3907 volo.
622 3851 766 3920 Deinde,
795 3855 875 3925 quod
896 3853 968 3908 mihi
990 3870 1072 3924 paene
1094 3874 1163 3927 per.

47 3938 55 3950 '
109 3963 228 4002 suasum
246 3957 312 4014 est,
339 3945 417 4001 hailo
435 3961 559 4014 citream¹
574 3944 611 3999 R.
632 3946 668 4002 P.
687 3956 744 4003 tuse
766 3965 832 4004 esse
854 3950 1030 4017 molestam,
1057 3959 1087 4004 et
1110 3968 1145 4022 ap

112 4041 303 4106 pellationem
322 4041 531 4110 gratissimam.
579 4039 736 4114 Ideoque,
764 4044 844 4101 sicut
868 4060 930 4100 non
946 4059 1087 4113 mereor,
1117 4047 1157 4102 ita
