2574 4732
96 344 156 412 ,to
592 341 682 412 tus.

114 502 175 558 sed·
187 501 301 582 msJore
320 502 410 572 etiam
429 500 571 575 opinione
593 503 716 575 dignum
736 499 934 570 arbitreturus
952 503 992 565 rit
1012 502 1155 576 Augusti.

113 613 200 664 uum,
229 613 317 668 quum
335 597 494 669 hucusque
514 579 653 667 credidit,

178 690 244 760 Epo
263 693 378 747 sanein
396 691 458 758 hoc
477 692 635 749 dissentire
656 690 694 751 ab
707 688 837 758 Erasmo
856 705 917 746 non
928 688 1053 757 dubito,
1070 688 1154 759 quod

112 783 280 854 Augustino
299 786 328 840 in
348 786 509 862 scripturis
528 785 755 857 interpretandis
773 791 888 840 tautum
904 782 1071 854 posthabeo
1084 782 1155 838 Hie.

112 895 288 949 ronynmm,
311 892 455 951 quantum
475 881 537 951 ipse
556 879 756 949 Augustiuum
773 878 803 934 in
819 876 957 936 omuibus
971 877 1154 946 Hieronymo

110 974 285 1046 posthabet.
323 972 394 1031 Non
411 975 491 1045 quod
509 972 707 1045 professionis
724 989 798 1026 meae
819 971 918 1028 studio
940 971 976 1026 sd
1001 969 1035 1028 Β.
1051 971 1154 1040 Augu.

105 1070 222 1124 ,stinum
242 1054 429 1139 probandum
445 1068 563 1136 trahar,
585 1067 635 1137 qui
655 1066 732 1137 apud
751 1081 821 1132 me,
839 1075 996 1136 antequem
1014 1064 1044 1121 in
1059 1063 1153 1120 iibrus

97 1163 176 1232 ejus
203 1163 390 1229 incidissem,
424 1177 461 1216 ue
485 1159 632 1233 tuntiilnm
657 1159 779 1231 quidem
803 1158 918 1214 favoris
945 1157 1069 1215 habuit:
1100 1157 1153 1214 sed

111 1257 192 1328 quod
215 1255 329 1315 videam
349 1254 386 1314 Β,
402 1253 618 1323 Hieronymum
639 1253 721 1309 velut
740 1252 839 1307 deditr
863 1267 956 1323 opere
976 1253 1012 1307 sd
1030 1251 1154 1312 histori,

111 1364 166 1404 cos
187 1362 292 1402 sensus
309 1348 465 1407 incedere:
483 1358 513 1401 et
527 1348 608 1419 quud
622 1346 727 1415 rqirius
743 1354 809 1406 est,
829 1343 930 1400 obiter
945 1345 1045 1400 sanius
1061 1347 1154 1400 inter.

110 1450 243 1511 pretatur
264 1439 453 1511 Scripturas,
483 1437 610 1513 utputa
630 1442 660 1496 in
679 1438 813 1513 epistolis
823 1477 835 1509 ,
861 1454 951 1509 quem
977 1437 1026 1494 ubi
1045 1447 1155 1498 tractat

109 1549 160 1588 ess
179 1535 216 1588 de
235 1533 400 1610 industrie.
434 1534 516 1591 utin
536 1534 698 1606 opusculis.

123 1686 126 1691 ,
179 1625 377 1698 Nequaquam
396 1627 487 1695 igitur
501 1629 618 1699 justitia
637 1629 711 1698 legia
731 1640 785 1685 ssu
803 1626 954 1681 iacturum
970 1632 1086 1682 tantum
1107 1634 1154 1681 est

109 1723 140 1778 iu
157 1723 358 1792 ceremoniis,
385 1723 438 1778 sed
458 1724 571 1778 rectius
592 1724 680 1780 etism
699 1723 728 1777 in
746 1721 878 1789 universi
897 1720 1029 1789 decalogi
1052 1720 1152 1784 factis.

111 1815 188 1890 Ques
209 1817 329 1888 quando
357 1815 431 1872 fiunt
457 1828 544 1878 extra
574 1816 661 1871 fldem
687 1815 820 1886 Christi,
850 1814 965 1871 etiamsi
991 1813 1100 1869 saciant
1119 1811 1155 1879 ²)

110 1909 284 1980 Fabricios,
307 1910 460 1979 Regulos,
483 1925 513 1964 et
531 1911 617 1982 pisus
633 1911 844 1978 integerrimos
862 1909 945 1966 ‚siros
960 1908 1036 1980 spud
1057 1905 1156 1963 humi.

103 2019 199 2085 pem:
231 2019 291 2059 uon
310 2011 409 2078 tumen
431 2002 497 2090 plus
514 2003 632 2072 sepiunt
647 2004 812 2072 justitient,
838 2020 927 2074 quam
943 2003 1034 2058 sorim
1054 2002 1155 2058 ficum.

109 2094 183 2152 Nou
198 2097 294 2168 enim,
312 2104 346 2150 ut
362 2095 541 2151 Aristoteles
556 2105 641 2168 putat
650 2135 660 2165 ,
683 2096 765 2182 juste
782 2097 896 2166 agendo
907 2096 982 2170 justi
999 2095 1156 2162 efficimur,

108 2188 165 2252 nisi
182 2188 384 2261 simulatorio:
402 2190 454 2245 sed
466 2189 541 2266 justi
560 2189 574 2254 (
584 2199 616 2243 ut
632 2190 676 2252 sic
696 2186 843 2257 dixerim)
862 2187 960 2258 tiendo
982 2198 1012 2257 et
1026 2189 1155 2243 essendo

110 2295 273 2351 operemur
285 2280 381 2348 justa:
408 2281 490 2351 prius
509 2298 634 2336 necesse
653 2292 700 2338 est
725 2297 884 2353 personam
906 2295 973 2337 esse
993 2289 1156 2349 mutatum,

110 2374 326 2453 qeipdeopers:
334 2373 614 2446 priorpiusetdbei,
623 2391 710 2447 quam
719 2391 842 2440 munera
849 2376 928 2446 ejuss
940 2374 1065 2431 sedisses
1073 2374 1155 2431 niiss-

176 2466 317 2541 Officium
336 2467 435 2542 itaque
453 2477 483 2525 et
503 2468 590 2535 amici
613 2478 645 2536 et
665 2467 824 2540 Christisni
851 2469 944 2539 iactas
968 2479 1097 2540 precor,
1123 2479 1154 2522 et

108 2561 269 2637 ¹Erasmum
286 2563 323 2617 de
343 2563 379 2618 iis
400 2566 519 2618 certum
537 2563 617 2633 fuce,
636 2563 723 2635 cujus
743 2562 950 2631 autoritatem,
969 2562 1047 2618 sicut
1064 2577 1154 2633 spero

109 2666 141 2712 et
158 2656 248 2735 cupio
267 2656 399 2724 futurem
418 2646 727 2725 celeberrimam,'ita
748 2664 870 2718 metuo.
898 2671 936 2723 pe
960 2670 1014 2727 per
1029 2656 1153 2710 enodem

108 2751 196 2806 multi
221 2748 277 2806 sibi
302 2749 448 2823 accipiant
468 2752 668 2823 patrocinium
687 2749 880 2821 defendendas
903 2749 981 2818 iilius
1010 2749 1153 2821 literalis,

109 2847 140 2919 id
156 2855 214 2911 est,
233 2853 360 2905 morture
374 2832 584 2921 intelligentie,
602 2861 660 2925 qun
675 2843 780 2916 plenus
792 2850 838 2899 est
850 2842 984 2913 Lyrsnus
1000 2857 1154 2912 commen.

110 2941 224 3007 tarius,
242 2948 272 2992 st
290 2939 385 3001 ferme
401 2954 506 2996 omnes
519 2950 586 3016 post
603 2939 824 3009 Augustiuum.¹
821 2936 910 2992 Nsm
927 2946 957 2991 et
975 2936 1151 3016 stapulensi,

109 3035 177 3088 viro
191 3035 320 3111 alioquin
335 3035 430 3100 (bone
445 3034 545 3098 Deus)
563 3049 682 3120 quam
661 3048 729 3103 spu
725 3032 804 3091 ttusis
818 3042 847 3086 et
861 3031 1074 3103 sincerissimo,
1088 3031 1154 3086 irsro

111 3127 304 3203 intelligentie
324 3128 454 3182 deestis
475 3125 699 3201 interpretando
713 3126 820 3180 siienas
838 3125 956 3190 iiterss:
976 3139 1042 3196 que
1055 3133 1154 3182 tamen

62 3229 68 3238 ·
110 3219 281 3307 plenissime
296 3219 425 3280 sdcsrin
440 3218 634 3293 propriatim
652 3217 777 3288 ngendp,
796 3225 826 3271 et
840 3218 933 3291 aiienu
952 3219 1152 3273 exhortando.

180 3311 390 3389 'temerarium
409 3327 458 3366 me
478 3313 611 3378 diceres,
630 3311 710 3383 quod
732 3320 831 3379 tantos
848 3310 932 3378 viros
949 3311 1006 3379 suis
1025 3312 1156 3381 Aristar.

111 3404 162 3460 chi
180 3405 292 3472 virgam
311 3403 469 3472 duxerim,
487 3405 542 3460 nisi
560 3405 676 3476 scires,
701 3405 783 3485 quod
802 3420 858 3476 pru
880 3421 914 3461 re
934 3404 1104 3476 theologice
1124 3420 1155 3460 et

110 3497 206 3575 salute
223 3498 349 3551 fratrum
365 3497 429 3556 bsso
444 3497 533 3552 iacto
552 3497 641 3568 Vaie,
657 3515 699 3555 ms
714 3499 878 3572 Spumans,
896 3508 926 3554 et
944 3514 998 3553 ora
1016 3514 1073 3569 pro
1093 3515 1154 3555 me.

111 3570 258 3668 potenter
280 3590 314 3658 t)
329 3591 488 3658 exanguis
503 3595 677 3650 monasterii
689 3597 798 3687 nostri,
816 3594 864 3650 dre
873 3593 1049 3668 sequentis
1066 3593 1155 3650 Luce

111 3685 241 3776 testum,
259 3700 337 3759 anno
353 3683 505 3760 MDXVI

496 3779 530 3838 F.
548 3779 700 3841 Mimans
719 3780 890 3853 Lutherns,
908 3781 1152 3855 Augustininnus,

116 3944 146 3956 w·
165 3981 196 4045 s)
211 3987 282 4048 cod.
297 3987 362 4041 Jru.
387 3986 488 4036 faciunt.

164 4066 195 4135 p)
209 4067 281 4135 Qud.
295 4067 310 4122 1
317 4079 361 4129 eu.
375 4067 507 4135 ceicrrime.
