2574 4732
155 321 219 406 aa
639 308 732 392 aa,

98 519 101 530 .
158 456 343 536 incredibilis
368 470 445 526 furia
468 468 625 526 hominem
651 468 791 537 exagitat.
828 466 925 522 Sentit
948 466 1027 522 enirn
1048 483 1104 524 saa
1126 470 1225 542 culpa

157 571 252 629 solius
272 569 386 622 lactum
406 572 493 631 esse,
522 562 665 634 quicquid
689 561 834 618 Romanae
858 562 987 617 infamiae
1005 578 1059 632 per
1085 579 1137 622 me
1164 581 1226 621 na.

158 675 224 720 tum
241 671 298 716 est.

225 757 328 823 Atque
348 755 363 822 (
371 754 435 808 sine
453 768 522 819 me,
540 767 662 823 quaeso,
683 755 797 822 optime
819 750 903 818 Leo,
921 750 974 807 hic
991 760 1022 807 et
1042 767 1142 808 meam
1165 753 1223 810 ali.

158 851 279 924 quando
296 863 417 903 causam
440 861 544 915 agere,
571 862 723 916 verosque
743 858 814 902 tuos
834 846 941 901 hostes
962 849 1129 912 accusare)
1160 865 1222 905 no.

158 955 224 1001 tum
254 958 321 998 esso
351 943 484 997 arbitror
514 941 589 1007 tibi,
618 941 689 1011 quid
714 955 835 995 mecum
863 940 959 1008 egerit
985 940 1154 997 Cardiualis
1185 941 1219 998 S.

159 1039 253 1106 Sixti,
278 1038 331 1103 L„
347 1044 409 1090 <tua
428 1045 520 1103 tuus,
544 1034 719 1105 imprudens
737 1042 767 1095 et
784 1033 912 1101 infelix,
935 1035 997 1088 imo
1018 1033 1166 1103 infidelis,
1187 1036 1220 1093 in

160 1132 247 1200 cujus
271 1147 378 1198 manu,
398 1128 437 1182 ob
455 1128 498 1182 tui
516 1128 646 1183 nominis
665 1127 882 1195 reverentiam,
901 1144 971 1181 cnm
990 1143 1038 1181 me
1060 1136 1092 1182 et
1111 1131 1220 1185 omnia

158 1241 227 1280 mea
253 1238 445 1294 posuissem,
470 1238 532 1276 non
557 1222 716 1290 hocegit,
747 1232 780 1284 ut
802 1238 908 1293 pacem
927 1230 1091 1287 statueret,
1122 1238 1222 1295 quam
1280 1282 1284 1289 ,

158 1335 222 1374 uno
246 1317 372 1372 verbulo
393 1315 541 1386 potuisset
559 1315 646 1372 facile
668 1325 821 1382 statuere,
840 1331 909 1369 cum
929 1325 1067 1383 egotam
1087 1318 1221 1386 promit.

160 1422 259 1467 terem
284 1410 435 1466 silentium
457 1418 487 1462 et
509 1409 597 1463 linem
619 1426 717 1465 causae
736 1426 809 1464 meae
832 1410 999 1475 facturum,
1026 1409 1051 1463 si
1074 1409 1221 1467 adversa.

160 1505 214 1563 riis
239 1506 319 1561 idem
349 1505 552 1558 mandaretur.
594 1507 635 1559 At
661 1505 757 1559 homo
780 1501 883 1572 gloriae
903 1518 963 1556 non
989 1513 1156 1559 contentus
1180 1522 1220 1560 eo

159 1608 274 1674 pacto,
300 1598 393 1669 coepit
419 1598 608 1657 adversarior
625 1597 817 1669 justificare,
846 1595 998 1651 licentiam
1022 1598 1158 1668 aperire,
1189 1609 1221 1655 et

159 1693 235 1748 mihi
254 1692 434 1763 palinodiam
456 1693 615 1749 mandare:
632 1693 662 1748 id
687 1692 768 1764 qnod
789 1691 819 1746 in
840 1692 985 1746 mandatis
1007 1708 1135 1761 prorsus
1155 1710 1219 1749 non

160 1784 277 1843 habuit.
313 1785 477 1853 tisanana,
502 1786 554 1840 ubi
573 1803 662 1842 causa
681 1789 710 1842 in
729 1785 845 1856 optimo
867 1785 936 1839 loco
958 1796 1041 1851 erat,
1060 1785 1140 1841 illius
1161 1787 1219 1841 im.

159 1888 292 1949 portuna
316 1880 470 1950 tyrannide
495 1882 578 1936 venit
602 1883 632 1936 in
654 1882 751 1936 multo
773 1880 929 1951 pej0rem,
954 1882 1048 1950 undp,
1067 1880 1220 1952 quicquid

160 1983 232 2047 post
250 1973 317 2028 hac
335 1974 473 2030 secutum
492 1984 553 2043 est,
571 1992 633 2032 uon
649 1975 797 2041 Lutberi,
817 1974 869 2029 aed
890 1972 1022 2044 cajetani
1042 1979 1106 2027 tota
1126 1975 1220 2048 culpa

160 2077 222 2136 est,
238 2068 299 2138 qui,
319 2079 353 2123 ut
373 2070 493 2124 ailaretn
511 2081 542 2125 et
560 2070 763 2140 quiescerem,
777 2077 897 2124 nonest
915 2084 1031 2138 passus,
1052 2067 1133 2139 quod
1151 2079 1220 2123 tum

161 2161 288 2216 summis
308 2161 423 2218 viribus
441 2163 616 2233 poscebam.
642 2163 723 2238 Quid
742 2161 822 2217 enim
841 2156 941 2217 iacere
961 2161 1087 2230 amplius
1103 2162 1220 2219 debui?

229 2254 356 2307 Secutus
381 2266 429 2308 est
457 2255 584 2311 Carolus
611 2256 775 2323 Miltitius,
801 2263 831 2311 et
858 2256 921 2325 ipse
943 2254 979 2309 B.
1005 2254 1045 2308 Τ.
1071 2258 1218 2324 nuntius,

160 2344 210 2416 qui
239 2345 332 2398 multo
359 2354 389 2399 et
415 2348 501 2400 uario
521 2350 643 2416 negotio
668 2364 793 2403 cursans
815 2357 846 2402 et
865 2363 1048 2412 recursans,
1077 2349 1220 2421 nihilque

159 2439 324 2507 omittens,
344 2440 427 2510 quod
443 2441 484 2493 ad¹
496 2441 694 2511 reparandum
714 2458 810 2495 causta
829 2448 959 2509 statum,
985 2457 1076 2512 quem
1097 2442 1220 2513 CaJ'eta.

159 2551 216 2590 nus
242 2531 356 2593 temere
383 2544 413 2590 et
431 2534 560 2606 superbe
580 2535 770 2600 turbaverat,
798 2535 981 2605 pertineret,
1007 2535 1059 2589 vix
1083 2538 1219 2605 tandem,

162 2631 253 2685 etiarn
275 2630 386 2687 auxilio
405 2631 595 2685 illustrissimi
613 2630 765 2701 Principis
788 2629 929 2684 Priderici
951 2630 1121 2697 Electoris,
1143 2634 1219 2688 elle.

161 2727 220 2792 cit,
238 2734 271 2780 ut
294 2725 386 2780 semel
408 2734 438 2779 et
459 2726 568 2778 iterum
588 2724 775 2780 familiariter
792 2741 912 2780 mecum
931 2726 1118 2795 loqueretur.
1157 2727 1218 2783 Ubi

162 2819 261 2873 denuo
283 2830 336 2872 tuo
357 2820 470 2872 nomini
492 2821 590 2891 cessi,
611 2830 730 2888 paratus
749 2815 857 2888 silere,
882 2829 1039 2890 acceptans
1061 2821 1149 2874 etiam
1172 2824 1219 2888 ius

158 2913 259 2970 dicem
288 2914 334 2965 vel
367 2913 640 2983 Archiepiscopum
674 2914 921 2981 Treverensem,
953 2916 999 2968 vel
1027 2915 1217 2986 Episcopum

160 3004 438 3073 Numburgensem.
466 3007 567 3078 Atque
582 3006 622 3060 ita
642 3009 755 3062 lactum
775 3019 805 3061 et
819 3009 1021 3078 impetratum.
1046 3010 1130 3063 Dum
1149 3012 1216 3065 ltaec

161 3113 213 3163 spe
235 3099 314 3151 bona
336 3112 485 3168 aguntur,
522 3117 594 3154 ecce
614 3081 744 3155 alteret
768 3102 863 3172 major
883 3104 980 3157 hostis
1005 3113 1092 3169 tuus,
1127 3106 1218 3161 irruit

155 3190 271 3254 bucina
289 3209 358 3246 cum
377 3194 576 3263 disputatione
595 3194 729 3264 Lipsica,
751 3212 840 3267 quam
860 3198 1027 3252 instituerat
1048 3209 1155 3254 contra
1172 3200 1219 3256 D.

162 3282 380 3353 Carlstatliturt,
405 3294 441 3339 et*
461 3303 539 3341 nova
566 3301 688 3359 accepta
711 3289 748 3343 de
771 3290 900 3360 primatu
926 3291 1011 3359 Papae
1032 3293 1218 3362 quaestione,

159 3374 190 3431 in
220 3391 268 3427 me
300 3378 391 3431 vertit
419 3380 603 3450 insperatum
631 3398 737 3449 arma,
768 3395 798 3436 et
827 3385 944 3454 pennus
968 3386 1030 3440 hoc
1054 3386 1217 3442 consilium
1261 3400 1270 3422 ⁴

160 3469 244 3547 pacis
264 3468 394 3538 dissipat.
432 3471 583 3541 Expectat
604 3476 724 3531 interim
746 3477 872 3533 Carolus
891 3478 1052 3541 Miltitius,
1081 3482 1217 3552 disputa.

160 3572 210 3621 tur
228 3603 236 3646 ,
262 3562 380 3631 judices
405 3564 577 3635 cliguntur,
607 3587 664 3623 nec
689 3572 740 3626 hic
775 3572 882 3643 aliquid
915 3575 1097 3630 decernitur.
1146 3575 1216 3631 Ncc

160 3658 272 3715 mirum
291 3658 409 3727 quando
429 3658 514 3713 Eccii
529 3663 703 3732 mendaciis,
718 3666 968 3740 simulationibus,
982 3669 1096 3725 technis
1114 3670 1216 3724 omnia

162 3751 275 3825 ubique
296 3761 379 3807 erant
400 3753 621 3825 turbatissima,
641 3761 912 3830 exulceratissima,
936 3764 1164 3831 conlusissitna,
1183 3773 1217 3818 ut

161 3863 346 3919 quocunque
367 3849 537 3906 inclinasset
555 3855 721 3920 sententia,
739 3855 835 3924 majus
858 3869 937 3915 essct
957 3860 1148 3913 exoriturum
1174 3859 1218 3912 in.

161 3943 315 4010 pendium.
352 3945 487 4000 Gloriam
516 3947 612 4014 enim,
644 3965 704 4004 non
733 3952 892 4006 veritatem
924 3954 1088 4024 quaerebat.
1132 3953 1218 4017 Nihil

157 4035 253 4105 etiam
269 4036 323 4105 bic
341 4039 449 4115 omisi,
467 4044 548 4113 quod
571 4059 586 4098 a
607 4057 655 4099 me
675 4044 739 4102 lieri
759 4044 927 4122 oporteret,
