2574 4732
100 295 172 359 '182
590 284 682 348 tsts.

109 448 232 512 'stceo,
251 441 332 514 quod
347 453 453 495 mmor
465 438 950 513 circumferebatunpermissnm
962 456 1032 498 esse
1044 460 1063 497 a
1077 460 1169 500 reve.

110 541 203 597 raudo
225 538 312 592 Patre
333 533 491 602 Generali,
519 550 568 588 me
584 536 763 607 capiendum
783 545 813 591 et
833 537 862 591 in
881 536 1018 606 vincula,
1036 538 1095 594 nisi
1117 556 1169 594 re.

109 649 272 694 vocarem,
299 627 534 699 conjiciendum:
563 631 660 687 mansi
684 639 783 685 tamen
807 632 949 701 Auguste
971 631 1084 688 eodem
1103 633 1167 692 die.

110 725 186 784 Erat
206 740 267 780 tum
288 723 361 778 teria
380 729 476 779 sexta.

180 820 255 877 Post
272 816 428 891 prandium
448 823 555 871 vocato
570 817 739 874 reverendo
753 817 845 874 Patre
858 816 1001 887 Vicario,
1019 821 1168 876 rncuvit

110 930 181 972 cum
207 930 260 977 eo,
287 925 319 967 ut
345 927 393 967 me
413 910 448 965 nd
467 910 696 968 revocationem
709 913 888 981 adduceret,
906 912 970 968 sine
988 929 1055 967 mea
1074 923 1165 982 nota,

111 1019 144 1064 ut
162 1007 213 1062 hic
234 1004 361 1074 scribit,
382 1004 491 1072 idest,
510 1019 585 1059 cum.
602 1016 746 1077 perpetua
763 1007 900 1063 infamia:
926 1023 992 1078 qun
1007 1007 1088 1064 solet
1109 1024 1165 1064 eos
1214 1026 1219 1033 ·

110 1101 213 1174 sequi,
243 1100 293 1172 qui
318 1101 428 1155 timore
454 1097 609 1153 hominum
638 1109 744 1155 contra
771 1101 988 1159 conscientiam
1017 1101 1166 1171 abnegent

110 1196 279 1252 veritatem.
316 1194 408 1266 Quod
426 1193 474 1247 tlle
498 1194 618 1264 quidem
639 1193 727 1250 lecit:
746 1195 799 1250 sed
818 1206 961 1264 rogatus,
979 1206 1014 1251 ut
1029 1197 1166 1268 Scriptu-

110 1306 159 1345 ras
182 1289 255 1345 milti
278 1287 432 1356 solveret,
463 1287 580 1343 dicebat
606 1297 697 1356 supra
719 1287 799 1342 vires
820 1303 890 1344 suns
917 1303 1007 1345 esse:
1038 1301 1071 1345 et
1088 1307 1165 1361 ego,

111 1393 217 1439 contre
247 1381 464 1436 conscientiam
495 1395 593 1435 meant
620 1396 687 1436 esse
716 1396 888 1450 revocare,
919 1382 976 1437 nisi
1002 1384 1165 1453 scripturae

110 1475 184 1531 milti
207 1475 292 1530 aliter
315 1473 548 1530 elucidarentur.
581 1472 682 1528 Mansi
707 1473 813 1530 deinde
839 1478 870 1530 et
895 1474 1045 1532 sabbatho
1072 1488 1163 1534 toto:

111 1569 185 1625 nihil
207 1567 385 1637 dicebatur,
409 1567 481 1624 nihil
500 1566 716 1625 mandabatur:
740 1569 835 1625 mansi
852 1576 883 1624 et
896 1572 1034 1639 sequenti
1051 1571 1165 1628 Domi.

111 1662 199 1720 nica·
231 1662 281 1718 ubi
302 1662 407 1719 saltem
429 1677 482 1732 per
495 1661 597 1717 literas
616 1659 672 1716 adii
691 1662 974 1719 reverendissimum
991 1662 1164 1720 Dominum

110 1756 276 1827 Legatum:
296 1757 347 1812 sed
369 1757 441 1813 nibil
461 1738 560 1810 fiebat.
595 1753 696 1810 Mauri
710 1766 741 1811 et
758 1755 834 1812 feria
851 1757 995 1813 secunda:
1017 1759 1113 1814 mansi
1131 1769 1164 1815 et

111 1851 185 1907 teria
203 1850 309 1909 tertie:
336 1858 366 1904 et
382 1860 557 1919 suspectum
579 1847 654 1905 mibi
676 1859 708 1905 et
726 1850 867 1907 omnibus
883 1851 988 1909 amicis
1007 1853 1164 1908 silentium

112 1944 224 2002 luctum
241 1953 296 1999 est.
332 1944 404 1999 Ideo
420 1943 529 1998 timens
546 1945 625 2010 einr,
649 1944 846 2014 appellatione
866 1946 1028 2016 dispositu,
1054 1948 1162 2020 reliqui

111 2041 300 2106 Augustum:
331 2046 362 2092 et
381 2037 453 2091 leria
476 2046 582 2106 quarta
602 2038 729 2098 recessi.
750 2038 903 2094 confidens
922 2057 971 2095 me
987 2043 1163 2112 praestitisse

113 2131 231 2187 nbundu
246 2133 367 2187 arduam
384 2141 414 2184 et
428 2129 545 2184 fidelem
559 2128 761 2184 obedientiam
772 2146 893 2185 summo
906 2131 1060 2202 Pontilici,
1073 2133 1163 2205 juxta

112 2234 251 2280 tenorem
269 2225 429 2281 citationis.
463 2224 493 2278 si
506 2222 578 2294 qnid
592 2232 693 2275 autern
704 2222 782 2276 ultra
795 2235 1018 2295 prosequentur
1024 2228 1161 2295 ,vigore

112 2318 266 2389 eltrudem,
285 2318 357 2374 nihil
373 2318 497 2383 mirum,
515 2317 542 2371 si
556 2315 693 2383 injuriam
705 2315 811 2384 patiar.

182 2411 299 2468 llemdc
323 2413 409 2469 vide,
437 2411 550 2480 optime
564 2407 728 2478 Princeps,
746 2406 828 2476 quod
848 2422 921 2463 vere
935 2409 1023 2464 Deus
1042 2410 1071 2464 in
1093 2411 1160 2467 ultis

111 2505 244 2567 habitet.
265 2516 295 2562 et
315 2505 550 2576 comprehendet
568 2516 685 2557 astutos
699 2502 730 2557 in
744 2499 851 2554 astutia
867 2516 931 2556 sua.
959 2502 1052 2567 Dicit
1070 2505 1163 2566 enim,

112 2602 169 2659 trin
190 2601 400 2657 affirmaverim
418 2600 447 2655 in
466 2600 523 2654 bac
540 2613 641 2652 causa.

180 2695 305 2763 Primo,
325 2697 403 2751 dicta
420 2693 521 2747 fratris
539 2689 662 2746 Martini
679 2691 710 2745 in
725 2688 970 2745 conclusionibus
984 2691 1047 2746 suis
1063 2692 1163 2764 dispu.

111 2789 223 2857 tutius,
248 2791 277 2845 in
299 2787 489 2845 sermonibus
511 2798 611 2841 tamen
631 2784 668 2838 ab
689 2802 726 2845 eu
746 2784 868 2854 scriptis
885 2783 1058 2841 affirmative
1073 2797 1103 2842 et
1118 2803 1164 2842 ns.

112 2887 227 2939 sertive
247 2896 313 2939 esee
332 2885 440 2956 posita.

181 2978 383 3049 Respondent
401 2979 425 3033 si
446 2976 625 3048 disputative
645 2974 743 3045 posita
762 2971 915 3042 intelligit,
935 2971 1005 3042 quid
1023 2988 1096 3041 ergo
1114 2989 1163 3026 me

113 3071 260 3125 miserum
285 3081 314 3126 et
336 3087 497 3143 pauperem
522 3071 677 3126 homiuem
702 3078 750 3122 tot
778 3066 924 3122 molestiis
949 3075 1085 3136 vexant,
1117 3075 1164 3122 tot

116 3163 267 3219 sumtibus
294 3174 473 3228 extenuant,
501 3172 548 3219 tot
573 3160 748 3217 criminibus
771 3170 801 3214 et
824 3159 994 3228 ignominiis
1017 3161 1163 3229 alliciunt,

111 3266 159 3310 tot
177 3259 313 3312 scandula
335 3252 365 3311 e't
387 3274 481 3329 prope
502 3245 669 3313 schismata
683 3255 835 3309 excitant?
855 3253 927 3307 Sunt
950 3255 1165 3325 disputationes

113 3350 277 3417 (inquit):
303 3351 410 3419 gratiss
431 3369 509 3421 ego:
534 3351 689 3407 absolutus
706 3361 793 3413 sum,
812 3346 873 3401 imo
895 3354 925 3400 ct
943 3346 1072 3401 damnati
1095 3360 1166 3404 sunt

113 3457 239 3508 omnes,
259 3443 309 3512 qui
327 3459 375 3497 me
392 3444 484 3514 injus
497 3448 693 3501 vocaverunt.
718 3439 787 3510 Ipse
801 3439 880 3493 enim
895 3441 1164 3497 reverendissimus

113 3536 266 3592 Dominus
288 3537 419 3605 Legatos
442 3538 490 3592 bis
518 3536 620 3594 verbis
646 3533 731 3590 testis
756 3530 845 3586 nobis
864 3531 921 3598 sit,
944 3546 976 3585 sc
1000 3522 1111 3586 frustra
1133 3546 1165 3591 et

114 3629 214 3700 iniqua
240 3630 354 3684 ratione
376 3631 475 3684 omniu
494 3643 600 3685 contra
621 3642 670 3682 ms
696 3625 807 3696 egisse,
835 3634 865 3679 et
887 3625 944 3679 ista
963 3641 1083 3696 quoque
1101 3645 1164 3683 non

115 3726 233 3781 sincere
263 3723 430 3797 scripsisse.
469 3726 518 3777 An
543 3723 675 3777 nondum
697 3720 789 3790 pudet
814 3735 868 3774 eos
894 3734 954 3774 suae
982 3722 1165 3793 tyrannidis,

117 3819 353 3893 quamproprie
373 3817 546 3872 testimonio
567 3823 628 3869 tntu
649 3813 730 3868 clare
752 3812 953 3870 confitentur?
981 3812 1062 3888 Quid
1084 3819 1166 3873 enim

117 3898 309 3986 disputationi
327 3922 427 3983 potest
443 3908 532 3980 objici
551 3909 704 3966 criminis?
731 3909 803 3980 quid
821 3909 1018 3980 disputatori,
1046 3913 1164 3982 qualem

115 4010 168 4076 llis
185 4026 232 4072 me
249 4006 432 4072 confitetur?
451 4005 533 4089 Quid
543 4005 607 4063 istis
620 4004 714 4063 literis
728 4006 843 4067 voluit?
863 4009 909 4063 An
924 4015 956 4060 ut
970 4022 1164 4063 nosceremus

879 4193 892 4219 b
