2574 4732
147 306 214 370 232-
320 365 328 377 ,
638 305 728 376 atto.

149 452 304 518 convicit,
333 449 414 520 quod
435 453 470 512 90
493 451 630 518 florenos
647 469 705 534 p'rn
723 470 779 522 suo
800 464 951 537 stipendio
973 481 1136 531 menstruo
1156 493 1221 536 uua

148 571 217 610 cnm
244 545 340 603 tribus
371 547 525 614 equitibus
554 566 583 611 et
601 574 707 614 curru
725 559 828 615 liberis
848 569 877 614 et
903 565 1042 631 gratuitis
1070 571 1221 641 expensis

148 643 300 704 habuerit.
324 635 454 711 Jamque
477 643 625 718 disparuit
644 652 724 708 idern
743 652 915 724 Tetselius,
933 659 1054 715 numine
1073 663 1221 735 conscio,

149 759 212 818 quo
234 735 404 814 pervenerit
416 775 427 804 ,
446 740 502 801 nisi
522 745 660 813 patribus
680 748 743 802 suis
766 749 855 806 forte.
923 750 926 757 '

219 831 332 890 Ennius
355 843 441 886 mnus
467 829 563 916 huomu
594 839 741 897 subdolus
767 858 816 897 nae
849 842 948 899 denno
977 845 1008 900 in
1042 863 1137 905 novas
1163 866 1216 907 res

149 931 262 993 mhir,
281 935 313 979 ut
333 923 384 980 laic
404 925 551 996 videet).
588 933 674 990 Adeo
696 948 782 991 curat
802 937 974 1006 Dominus,
993 956 1033 995 ue
1054 941 1113 998 ιίιιι
1130 943 1216 999 otio.

150 1041 222 1083 sats:
249 1021 302 1080 sed
321 1019 399 1075 male
420 1021 510 1076 cedet
523 1024 590 1080 haas
612 1027 798 1097 disputatio,
825 1029 951 1087 Christo
969 1033 1113 1103 volente,
1132 1036 1214 1107 Juri.

149 1117 209 1177 bns
229 1128 259 1187 et
278 1113 382 1181 usibus
401 1111 569 1186 Romania,
587 1118 617 1172 iu
639 1135 719 1190 quos
742 1120 866 1179 baculos
888 1120 1002 1180 nititur¹
1016 1125 1141 1186 Ennius·
1207 1164 1212 1175 ·

220 1211 335 1268 Vallem
356 1205 475 1262 videres
487 1211 633 1281 opuscula
652 1228 721 1267 mea
736 1213 860 1270 Basileus
879 1231 1010 1274 excusae
1030 1222 1211 1294 urridens,

151 1309 223 1381 qnid
243 1301 352 1362 eruditi
375 1298 515 1358 homines
536 1304 572 1360 de
595 1320 660 1367 rue,
686 1303 803 1378 Ennio,
822 1309 986 1378 silvestro,
1003 1312 1210 1373 scholasticis.

153 1418 213 1481 que
231 1396 380 1466 theologis
402 1397 546 1459 sentiunt.
583 1398 740 1468 Salsissimi
760 1402 841 1459 enim
859 1403 1036 1461 silvestrum
1060 1409 1211 1480 appellant

151 1496 299 1569 inspirans
327 1489 425 1565 palatii
452 1506 508 1560 pro
539 1492 716 1561 magistrum
741 1496 840 1567 palatii
868 1497 935 1566 (eat
956 1509 1054 1554 antem
1074 1504 1209 1573 maginus

153 1574 268 1661 prece,
287 1602 402 1659 coquus
425 1585 535 1653 latine)
555 1588 692 1644 studioso
713 1605 819 1646 errore
838 1586 1050 1648 errantest'et
1068 1595 1137 1652 ¹aliis
1156 1614 1210 1653 an.

27 1678 34 1687 '
152 1680 359 1747 notationibus
377 1678 449 1736 satis
464 1680 559 1741 acutis
575 1696 643 1734 eum
657 1690 772 1739 taxant.
808 1681 884 1759 Qun
903 1702 952 1744 res
969 1687 1116 1744 Romanis
1133 1694 1208 1761 pro.

153 1779 276 1859 peribus
292 1775 369 1830 male
388 1773 513 1829 dolebit.
547 1774 598 1830 Τιι
619 1792 720 1847 quasso
739 1793 795 1849 pro
815 1793 865 1834 me
884 1796 944 1836 ora.
981 1780 1062 1836 Nam
1083 1781 1207 1840 fortiter

153 1872 291 1941 conlido,
318 1868 400 1942 quod
421 1867 575 1926 Dominus
600 1878 764 1925 cortuum
789 1881 878 1941 cogat
899 1891 956 1946 pro
977 1890 1026 1930 mc
1050 1876 1207 1945 solicitari.

153 1965 254 2023 Homo
275 1950 341 2023 antu
361 1963 516 2034 expositus
532 1973 563 2019 et
584 1963 736 2021 insolutus
755 1966 909 2027 societati.
927 1968 1078 2041 crapulas,
1104 1972 1208 2028 titilla-

153 2059 249 2125 tioni,
265 2057 467 2127 negligentias,
485 2057 610 2129 aliisque
619 2057 787 2122 molestiis,
805 2069 949 2131 praterea
964 2076 1030 2134 quas
1044 2078 1086 2118 ex
1105 2065 1208 2124 officis

153 2168 204 2209 me
222 2161 373 2226 premunt.

222 2236 383 2318 Lipsenses
397 2245 521 2300 tandem·
532 2251 750 2301 conasuseruut
770 2242 962 2314 disputationi
979 2242 1136 2314 Enniana,
1171 2257 1205 2306 et

152 2355 204 2396 sne
229 2348 373 2394 accusant
391 2339 589 2406 temeritatis,
615 2335 696 2408 qnod
713 2335 889 2406 scripserim
904 2352 958 2393 sos
976 2353 1154 2408 recumsse,
1172 2350 1204 2398 et

152 2434 248 2491 llteris
268 2435 303 2489 ud
327 2449 374 2488 ιιιε
392 2434 469 2492 datis
483 2419 664 2503 palinodiam
679 2428 888 2500 expostulant:
907 2431 961 2486 sed
977 2447 1034 2500 ego
1056 2449 1097 2488 ex
1112 2434 1204 2494 Duce

155 2515 291 2597 Georgio
317 2541 434 2597 certus,
463 2526 542 2598 quod
563 2534 630 2580 ante
649 2532 843 2590 recusarunt,
862 2525 1003 2595 respondi
1025 2525 1093 2595 bia,
1121 2530 1204 2599 quod

154 2638 261 2679 eorum
278 2625 408 2679 decanus
426 2621 499 2676 mihi
517 2617 635 2692 petendi
657 2616 686 2672 id
705 2625 773 2672 aute
791 2617 955 2674 recusarit:
975 2620 1058 2691 quod
1074 2632 1105 2675 et
1120 2622 1204 2680 lecit-

153 2719 242 2772 Adeo
259 2718 368 2772 misere
386 2723 521 2788 quaeruut
543 2713 701 2780 homines,
719 2711 745 2766 si
766 2711 911 2784 impedire
932 2714 1050 2785 possint
1071 2716 1205 2788 disputa,

154 2812 268 2879 tionem
286 2808 548 2881 hujusmodiased
561 2806 638 2861 Dux
655 2805 807 2875 Georgius
826 2817 979 2876 perurget.
1005 2807 1095 2878 Vale,
1112 2809 1205 2865 Pater

155 2904 340 2962 suavissime.
366 2907 412 2960 20.
431 2901 608 2973 Februarii,
625 2917 704 2956 anno
722 2899 875 2956 MDXIX.
902 2942 905 2947 »

169 3010 172 3015 ’
655 2994 689 3050 F.
706 2993 861 3050 Martinus
878 2992 1053 3063 Lntherus,
1072 2996 1200 3063 August.

207 3247 237 3298 a)
265 3217 455 3311 unctuosius
472 3243 608 3320 ιιιιιιιιιιιι
626 3244 651 3294 ι.
667 3242 712 3301 nat
727 3240 810 3302 steten
823 3239 905 3299 noro
923 3239 959 3298 nu
973 3216 1108 3293 seierum
1121 3242 1200 3293 ιιιιιιι

155 3319 198 3391 ξιξ
214 3322 397 3383 tersulsrstntu
414 3324 493 3375 notui
514 3332 555 3369 unt
569 3323 594 3371 a„
608 3320 654 3368 ntt
670 3320 696 3368 tn
713 3320 755 3367 ten
773 3318 856 3370 &tuit
873 3328 899 3372 ιιι
917 3320 1003 3372 stenen.
