<?xml version="1.0" encoding="UTF-8"?>
<!DOCTYPE html PUBLIC "-//W3C//DTD XHTML 1.0 Transitional//EN"
    "http://www.w3.org/TR/xhtml1/DTD/xhtml1-transitional.dtd">
<html xmlns="http://www.w3.org/1999/xhtml" xml:lang="en" lang="en">
 <head>
  <title>
</title>
<meta http-equiv="Content-Type" content="text/html;charset=utf-8" />
  <meta name='ocr-system' content='tesseract 3.04.00' />
  <meta name='ocr-capabilities' content='ocr_page ocr_carea ocr_par ocr_line ocrx_word'/>
</head>
<body>
  <div class='ocr_page' id='page_1' title='image "./briefesendschre04luthgoog/briefesendschre04luthgoog_0055.png"; bbox 0 0 2574 4732; ppageno 0'>
   <div class='ocr_carea' id='block_1_1' title="bbox 199 335 871 404">
    <p class='ocr_par' dir='ltr' id='par_1_1' title="bbox 199 335 871 404">
     <span class='ocr_line' id='line_1_1' title="bbox 199 335 871 404; baseline -0.016 0"><span class='ocrx_word' id='word_1_1' title='bbox 199 345 236 404; x_wconf 82' lang='lat' dir='ltr'><strong>tt</strong></span> <span class='ocrx_word' id='word_1_2' title='bbox 605 361 609 371; x_wconf 92' lang='lat'><em>·</em></span> <span class='ocrx_word' id='word_1_3' title='bbox 674 335 766 402; x_wconf 84' lang='lat'><strong>1516.</strong></span> <span class='ocrx_word' id='word_1_4' title='bbox 868 388 871 393; x_wconf 82' lang='grc'><strong>.</strong></span> 
     </span>
    </p>
   </div>
   <div class='ocr_carea' id='block_1_2' title="bbox 126 488 1250 3005">
    <p class='ocr_par' dir='ltr' id='par_1_2' title="bbox 186 488 1250 1222">
     <span class='ocr_line' id='line_1_2' title="bbox 198 488 1247 566; baseline -0.006 -13"><span class='ocrx_word' id='word_1_5' title='bbox 198 497 272 553; x_wconf 85' lang='lat' dir='ltr'><strong>catis</strong></span> <span class='ocrx_word' id='word_1_6' title='bbox 292 496 383 552; x_wconf 80' lang='lat' dir='ltr'><strong>iacias</strong></span> <span class='ocrx_word' id='word_1_7' title='bbox 403 504 471 550; x_wconf 86' lang='lat' dir='ltr'><strong>tua:</strong></span> <span class='ocrx_word' id='word_1_8' title='bbox 496 504 525 548; x_wconf 84' lang='lat' dir='ltr'><strong>et</strong></span> <span class='ocrx_word' id='word_1_9' title='bbox 544 494 568 550; x_wconf 86' lang='lat' dir='ltr'><strong>si</strong></span> <span class='ocrx_word' id='word_1_10' title='bbox 587 494 657 566; x_wconf 86' lang='lat' dir='ltr'><strong>quid</strong></span> <span class='ocrx_word' id='word_1_11' title='bbox 683 493 755 551; x_wconf 91' lang='lat' dir='ltr'><strong>boni</strong></span> <span class='ocrx_word' id='word_1_12' title='bbox 777 488 899 560; x_wconf 81' lang='lat' dir='ltr'><strong>habes,</strong></span> <span class='ocrx_word' id='word_1_13' title='bbox 925 490 1045 546; x_wconf 88' lang='lat' dir='ltr'><strong>iliorum</strong></span> <span class='ocrx_word' id='word_1_14' title='bbox 1071 504 1138 548; x_wconf 85' lang='lat' dir='ltr'><strong>esse</strong></span> <span class='ocrx_word' id='word_1_15' title='bbox 1158 491 1247 549; x_wconf 77' lang='lat' dir='ltr'><strong>sinat.</strong></span> 
     </span>
     <span class='ocr_line' id='line_1_3' title="bbox 196 585 1250 660; baseline -0.004 -14"><span class='ocrx_word' id='word_1_16' title='bbox 196 592 279 648; x_wconf 83' lang='lat' dir='ltr'><strong>Siout</strong></span> <span class='ocrx_word' id='word_1_17' title='bbox 296 593 388 646; x_wconf 82' lang='lat' dir='ltr'><strong>donet</strong></span> <span class='ocrx_word' id='word_1_18' title='bbox 415 589 597 660; x_wconf 57' lang='lat' dir='ltr'><strong>Apostolum</strong></span> <span class='ocrx_word' id='word_1_19' title='bbox 624 589 767 658; x_wconf 75' lang='lat' dir='ltr'><strong>suscipite</strong></span> <span class='ocrx_word' id='word_1_20' title='bbox 786 588 934 651; x_wconf 81' lang='lat' dir='ltr'><strong>invicem,</strong></span> <span class='ocrx_word' id='word_1_21' title='bbox 959 585 1085 640; x_wconf 73' lang='lat' dir='ltr'><strong>sicubet</strong></span> <span class='ocrx_word' id='word_1_22' title='bbox 1110 585 1250 642; x_wconf 73' lang='lat' dir='ltr'><strong>Christus</strong></span> 
     </span>
     <span class='ocr_line' id='line_1_4' title="bbox 196 678 1250 755; baseline -0.006 -13"><span class='ocrx_word' id='word_1_23' title='bbox 196 686 326 755; x_wconf 78' lang='lat' dir='ltr'><strong>suscepit</strong></span> <span class='ocrx_word' id='word_1_24' title='bbox 344 700 396 739; x_wconf 86' lang='lat' dir='ltr'><strong>uos</strong></span> <span class='ocrx_word' id='word_1_25' title='bbox 412 682 606 738; x_wconf 77' lang='lat' dir='ltr'><strong>inhonorem</strong></span> <span class='ocrx_word' id='word_1_26' title='bbox 620 682 696 738; x_wconf 87' lang='lat' dir='ltr'><strong>Dei:</strong></span> <span class='ocrx_word' id='word_1_27' title='bbox 717 692 748 738; x_wconf 88' lang='lat' dir='ltr'><strong>et</strong></span> <span class='ocrx_word' id='word_1_28' title='bbox 767 682 897 738; x_wconf 83' lang='lat' dir='ltr'><strong>iterum:</strong></span> <span class='ocrx_word' id='word_1_29' title='bbox 914 679 971 735; x_wconf 74' lang='lat' dir='ltr'><strong>troc</strong></span> <span class='ocrx_word' id='word_1_30' title='bbox 987 680 1094 735; x_wconf 84' lang='lat' dir='ltr'><strong>sentite</strong></span> <span class='ocrx_word' id='word_1_31' title='bbox 1109 681 1143 735; x_wconf 85' lang='lat' dir='ltr'><strong>in</strong></span> <span class='ocrx_word' id='word_1_32' title='bbox 1158 678 1250 749; x_wconf 82' lang='lat' dir='ltr'><strong>uobis,</strong></span> 
     </span>
     <span class='ocr_line' id='line_1_5' title="bbox 199 773 1249 851; baseline -0.01 -15"><span class='ocrx_word' id='word_1_33' title='bbox 199 780 280 851; x_wconf 75' lang='lat' dir='ltr'><strong>quod</strong></span> <span class='ocrx_word' id='word_1_34' title='bbox 295 786 324 834; x_wconf 86' lang='lat' dir='ltr'><strong>et</strong></span> <span class='ocrx_word' id='word_1_35' title='bbox 342 779 376 834; x_wconf 83' lang='lat' dir='ltr'><strong>in</strong></span> <span class='ocrx_word' id='word_1_36' title='bbox 395 777 517 834; x_wconf 82' lang='lat' dir='ltr'><strong>Christo</strong></span> <span class='ocrx_word' id='word_1_37' title='bbox 531 777 623 833; x_wconf 78' lang='lat' dir='ltr'><strong>Jesu:</strong></span> <span class='ocrx_word' id='word_1_38' title='bbox 650 776 702 850; x_wconf 85' lang='lat' dir='ltr'><strong>qui</strong></span> <span class='ocrx_word' id='word_1_39' title='bbox 720 793 787 832; x_wconf 85' lang='lat' dir='ltr'><strong>oum</strong></span> <span class='ocrx_word' id='word_1_40' title='bbox 805 779 838 832; x_wconf 84' lang='lat' dir='ltr'><strong>iu</strong></span> <span class='ocrx_word' id='word_1_41' title='bbox 851 773 966 846; x_wconf 84' lang='lat' dir='ltr'><strong>forma</strong></span> <span class='ocrx_word' id='word_1_42' title='bbox 982 773 1044 830; x_wconf 82' lang='lat' dir='ltr'><strong>Dei</strong></span> <span class='ocrx_word' id='word_1_43' title='bbox 1062 782 1161 842; x_wconf 82' lang='lat' dir='ltr'><strong>esset,</strong></span> <span class='ocrx_word' id='word_1_44' title='bbox 1181 776 1249 830; x_wconf 75' lang='lat' dir='ltr'><strong>exi.</strong></span> 
     </span>
     <span class='ocr_line' id='line_1_6' title="bbox 186 868 1247 942; baseline -0.007 -12"><span class='ocrx_word' id='word_1_45' title='bbox 186 875 317 930; x_wconf 82' lang='lat' dir='ltr'><strong>-narririt</strong></span> <span class='ocrx_word' id='word_1_46' title='bbox 337 872 546 942; x_wconf 81' lang='lat' dir='ltr'><strong>semetipsum,</strong></span> <span class='ocrx_word' id='word_1_47' title='bbox 569 877 623 926; x_wconf 76' lang='lat' dir='ltr'><strong>eto.</strong></span> <span class='ocrx_word' id='word_1_48' title='bbox 667 871 712 925; x_wconf 89' lang='lat' dir='ltr'><strong>Ita</strong></span> <span class='ocrx_word' id='word_1_49' title='bbox 732 880 762 926; x_wconf 88' lang='lat' dir='ltr'><strong>et</strong></span> <span class='ocrx_word' id='word_1_50' title='bbox 780 881 830 939; x_wconf 87' lang='lat' dir='ltr'><strong>tu,</strong></span> <span class='ocrx_word' id='word_1_51' title='bbox 855 870 880 925; x_wconf 86' lang='lat' dir='ltr'><strong>si</strong></span> <span class='ocrx_word' id='word_1_52' title='bbox 910 868 967 924; x_wconf 91' lang='lat' dir='ltr'><strong>tibi</strong></span> <span class='ocrx_word' id='word_1_53' title='bbox 990 869 1097 923; x_wconf 88' lang='lat' dir='ltr'><strong>melior</strong></span> <span class='ocrx_word' id='word_1_54' title='bbox 1116 868 1247 938; x_wconf 84' lang='lat' dir='ltr'><strong>videris,</strong></span> 
     </span>
     <span class='ocr_line' id='line_1_7' title="bbox 198 961 1249 1039; baseline -0.009 -15"><span class='ocrx_word' id='word_1_55' title='bbox 198 986 260 1024; x_wconf 92' lang='lat' dir='ltr'><strong>non</strong></span> <span class='ocrx_word' id='word_1_56' title='bbox 278 968 410 1039; x_wconf 85' lang='lat' dir='ltr'><strong>rapinam</strong></span> <span class='ocrx_word' id='word_1_57' title='bbox 432 963 605 1034; x_wconf 78' lang='lat' dir='ltr'><strong>arbitreris,</strong></span> <span class='ocrx_word' id='word_1_58' title='bbox 624 980 659 1019; x_wconf 82' lang='lat' dir='ltr'><strong>nc</strong></span> <span class='ocrx_word' id='word_1_59' title='bbox 679 965 762 1034; x_wconf 87' lang='lat' dir='ltr'><strong>quasi</strong></span> <span class='ocrx_word' id='word_1_60' title='bbox 779 973 864 1018; x_wconf 91' lang='lat' dir='ltr'><strong>tuum</strong></span> <span class='ocrx_word' id='word_1_61' title='bbox 882 964 976 1018; x_wconf 82' lang='lat' dir='ltr'><strong>soiius</strong></span> <span class='ocrx_word' id='word_1_62' title='bbox 988 963 1033 1017; x_wconf 85' lang='lat' dir='ltr'><strong>sit</strong></span> <span class='ocrx_word' id='word_1_63' title='bbox 1044 999 1055 1029; x_wconf 88' lang='lat'><strong>,</strong></span> <span class='ocrx_word' id='word_1_64' title='bbox 1073 961 1126 1017; x_wconf 83' lang='lat' dir='ltr'><strong>sed</strong></span> <span class='ocrx_word' id='word_1_65' title='bbox 1145 963 1249 1016; x_wconf 74' lang='lat' dir='ltr'><strong>enine.</strong></span> 
     </span>
     <span class='ocr_line' id='line_1_8' title="bbox 188 1056 1248 1139; baseline -0.007 -21"><span class='ocrx_word' id='word_1_66' title='bbox 188 1064 262 1139; x_wconf 80' lang='lat' dir='ltr'><strong>nias</strong></span> <span class='ocrx_word' id='word_1_67' title='bbox 282 1072 313 1117; x_wconf 85' lang='lat' dir='ltr'><strong>te</strong></span> <span class='ocrx_word' id='word_1_68' title='bbox 338 1061 451 1132; x_wconf 86' lang='lat' dir='ltr'><strong>ipsum,</strong></span> <span class='ocrx_word' id='word_1_69' title='bbox 476 1057 709 1137; x_wconf 28' lang='lat' dir='ltr'><strong>et&#39;obiivisoere</strong></span> <span class='ocrx_word' id='word_1_70' title='bbox 728 1059 824 1130; x_wconf 83' lang='lat' dir='ltr'><strong>qualis</strong></span> <span class='ocrx_word' id='word_1_71' title='bbox 844 1069 893 1126; x_wconf 83' lang='lat' dir='ltr'><strong>es,</strong></span> <span class='ocrx_word' id='word_1_72' title='bbox 921 1068 952 1113; x_wconf 87' lang='lat' dir='ltr'><strong>et</strong></span> <span class='ocrx_word' id='word_1_73' title='bbox 976 1068 1042 1113; x_wconf 83' lang='lat' dir='ltr'><strong>esto</strong></span> <span class='ocrx_word' id='word_1_74' title='bbox 1066 1056 1151 1127; x_wconf 86' lang='lat' dir='ltr'><strong>qnasi</strong></span> <span class='ocrx_word' id='word_1_75' title='bbox 1170 1071 1248 1112; x_wconf 78' lang='lat' dir='ltr'><strong>unua</strong></span> 
     </span>
     <span class='ocr_line' id='line_1_9' title="bbox 199 1157 599 1222; baseline -0.015 -10"><span class='ocrx_word' id='word_1_76' title='bbox 199 1157 320 1213; x_wconf 87' lang='lat' dir='ltr'><strong>illorum</strong></span> <span class='ocrx_word' id='word_1_77' title='bbox 334 1193 345 1222; x_wconf 96' lang='lat'><strong>,</strong></span> <span class='ocrx_word' id='word_1_78' title='bbox 360 1163 394 1208; x_wconf 90' lang='lat' dir='ltr'><strong>ut</strong></span> <span class='ocrx_word' id='word_1_79' title='bbox 411 1161 514 1222; x_wconf 85' lang='lat' dir='ltr'><strong>portes</strong></span> <span class='ocrx_word' id='word_1_80' title='bbox 536 1166 599 1206; x_wconf 88' lang='lat' dir='ltr'><strong>eos.</strong></span> 
     </span>
    </p>

    <p class='ocr_par' dir='ltr' id='par_1_3' title="bbox 145 1244 1248 2065">
     <span class='ocr_line' id='line_1_10' title="bbox 270 1244 1248 1340; baseline -0.004 -36"><span class='ocrx_word' id='word_1_81' title='bbox 270 1247 380 1304; x_wconf 78' lang='lat' dir='ltr'>Infelix</span> <span class='ocrx_word' id='word_1_82' title='bbox 396 1246 474 1299; x_wconf 87' lang='lat' dir='ltr'><strong>enim</strong></span> <span class='ocrx_word' id='word_1_83' title='bbox 490 1245 575 1299; x_wconf 85' lang='lat' dir='ltr'><strong>istius</strong></span> <span class='ocrx_word' id='word_1_84' title='bbox 587 1244 723 1340; x_wconf 54' lang='lat' dir='ltr'><strong>justitia,</strong></span> <span class='ocrx_word' id='word_1_85' title='bbox 741 1262 807 1316; x_wconf 82' lang='lat' dir='ltr'><strong>qnae</strong></span> <span class='ocrx_word' id='word_1_86' title='bbox 826 1245 901 1301; x_wconf 80' lang='lat' dir='ltr'><strong>alios</strong></span> <span class='ocrx_word' id='word_1_87' title='bbox 917 1244 973 1300; x_wconf 88' lang='lat' dir='ltr'><strong>sibi</strong></span> <span class='ocrx_word' id='word_1_88' title='bbox 987 1252 1180 1316; x_wconf 67' lang='lat' dir='ltr'><strong>comparatos</strong></span> <span class='ocrx_word' id='word_1_89' title='bbox 1194 1260 1248 1300; x_wconf 84' lang='lat' dir='ltr'><strong>ve·</strong></span> 
     </span>
     <span class='ocr_line' id='line_1_11' title="bbox 145 1338 1247 1427; baseline -0.005 -28"><span class='ocrx_word' id='word_1_90' title='bbox 145 1408 151 1427; x_wconf 44' lang='grc' dir='ltr'>Ι</span> <span class='ocrx_word' id='word_1_91' title='bbox 198 1342 252 1400; x_wconf 89' lang='lat' dir='ltr'><strong>iuti</strong></span> <span class='ocrx_word' id='word_1_92' title='bbox 268 1342 389 1413; x_wconf 67' lang='lat' dir='ltr'><strong>pejores</strong></span> <span class='ocrx_word' id='word_1_93' title='bbox 400 1340 549 1393; x_wconf 88' lang='lat' dir='ltr'><strong>sustinere</strong></span> <span class='ocrx_word' id='word_1_94' title='bbox 565 1354 626 1393; x_wconf 92' lang='lat' dir='ltr'><strong>non</strong></span> <span class='ocrx_word' id='word_1_95' title='bbox 642 1338 719 1407; x_wconf 88' lang='lat' dir='ltr'><strong>vuit,</strong></span> <span class='ocrx_word' id='word_1_96' title='bbox 737 1349 768 1395; x_wconf 89' lang='lat' dir='ltr'><strong>et</strong></span> <span class='ocrx_word' id='word_1_97' title='bbox 781 1341 881 1409; x_wconf 82' lang='lat' dir='ltr'><strong>fugam</strong></span> <span class='ocrx_word' id='word_1_98' title='bbox 902 1347 932 1392; x_wconf 91' lang='lat' dir='ltr'><strong>et</strong></span> <span class='ocrx_word' id='word_1_99' title='bbox 950 1338 1103 1393; x_wconf 83' lang='lat' dir='ltr'><strong>desertum</strong></span> <span class='ocrx_word' id='word_1_100' title='bbox 1120 1338 1247 1394; x_wconf 64' lang='lat' dir='ltr'><strong>meditat.</strong></span> 
     </span>
     <span class='ocr_line' id='line_1_12' title="bbox 197 1432 1247 1506; baseline -0.003 -15"><span class='ocrx_word' id='word_1_101' title='bbox 197 1446 267 1505; x_wconf 89' lang='lat' dir='ltr'><strong>tur,</strong></span> <span class='ocrx_word' id='word_1_102' title='bbox 286 1435 335 1506; x_wconf 92' lang='lat' dir='ltr'><strong>qui</strong></span> <span class='ocrx_word' id='word_1_103' title='bbox 354 1432 493 1503; x_wconf 84' lang='lat' dir='ltr'><strong>patientia</strong></span> <span class='ocrx_word' id='word_1_104' title='bbox 510 1439 540 1487; x_wconf 87' lang='lat' dir='ltr'><strong>et</strong></span> <span class='ocrx_word' id='word_1_105' title='bbox 556 1433 693 1487; x_wconf 87' lang='lat' dir='ltr'><strong>oratione</strong></span> <span class='ocrx_word' id='word_1_106' title='bbox 709 1434 745 1487; x_wconf 73' lang='lat' dir='ltr'><strong>et‘</strong></span> <span class='ocrx_word' id='word_1_107' title='bbox 757 1433 898 1504; x_wconf 80' lang='lat' dir='ltr'><strong>exemplo</strong></span> <span class='ocrx_word' id='word_1_108' title='bbox 920 1439 1083 1504; x_wconf 81' lang='lat' dir='ltr'><strong>praesenter</strong></span> <span class='ocrx_word' id='word_1_109' title='bbox 1099 1433 1142 1487; x_wconf 88' lang='lat' dir='ltr'><strong>eis</strong></span> <span class='ocrx_word' id='word_1_110' title='bbox 1155 1433 1247 1504; x_wconf 78' lang='lat' dir='ltr'><strong>prod.</strong></span> 
     </span>
     <span class='ocr_line' id='line_1_13' title="bbox 199 1523 1247 1595; baseline -0.006 -10"><span class='ocrx_word' id='word_1_111' title='bbox 199 1546 265 1585; x_wconf 79' lang='lat' dir='ltr'><strong>esse</strong></span> <span class='ocrx_word' id='word_1_112' title='bbox 284 1528 405 1584; x_wconf 81' lang='lat' dir='ltr'>debuit:</span> <span class='ocrx_word' id='word_1_113' title='bbox 430 1526 493 1581; x_wconf 84' lang='lat' dir='ltr'><strong>hoo</strong></span> <span class='ocrx_word' id='word_1_114' title='bbox 513 1536 559 1581; x_wconf 84' lang='lat' dir='ltr'><strong>est</strong></span> <span class='ocrx_word' id='word_1_115' title='bbox 576 1523 720 1581; x_wconf 79' lang='lat' dir='ltr'>talentum</span> <span class='ocrx_word' id='word_1_116' title='bbox 740 1527 866 1582; x_wconf 85' lang='lat' dir='ltr'>Domini</span> <span class='ocrx_word' id='word_1_117' title='bbox 887 1526 1092 1595; x_wconf 73' lang='lat' dir='ltr'><strong>abscondere,</strong></span> <span class='ocrx_word' id='word_1_118' title='bbox 1123 1535 1156 1581; x_wconf 85' lang='lat' dir='ltr'><strong>et</strong></span> <span class='ocrx_word' id='word_1_119' title='bbox 1172 1543 1247 1582; x_wconf 79' lang='lat' dir='ltr'><strong>con.</strong></span> 
     </span>
     <span class='ocr_line' id='line_1_14' title="bbox 199 1618 1246 1692; baseline -0.005 -12"><span class='ocrx_word' id='word_1_120' title='bbox 199 1624 296 1681; x_wconf 80' lang='lat' dir='ltr'><strong>serris</strong></span> <span class='ocrx_word' id='word_1_121' title='bbox 323 1638 385 1676; x_wconf 91' lang='lat' dir='ltr'><strong>non</strong></span> <span class='ocrx_word' id='word_1_122' title='bbox 411 1621 659 1692; x_wconf 84' lang='lat' dir='ltr'><strong>tradere,-quod</strong></span> <span class='ocrx_word' id='word_1_123' title='bbox 685 1621 821 1676; x_wconf 83' lang='lat' dir='ltr'><strong>debetur.</strong></span> <span class='ocrx_word' id='word_1_124' title='bbox 863 1619 961 1689; x_wconf 82' lang='lat' dir='ltr'><strong>Igitur</strong></span> <span class='ocrx_word' id='word_1_125' title='bbox 990 1618 1016 1674; x_wconf 84' lang='lat' dir='ltr'><strong>si</strong></span> <span class='ocrx_word' id='word_1_126' title='bbox 1043 1619 1192 1675; x_wconf 71' lang='lat' dir='ltr'><strong>etlilium</strong></span> <span class='ocrx_word' id='word_1_127' title='bbox 1215 1627 1246 1675; x_wconf 87' lang='lat' dir='ltr'><strong>et</strong></span> 
     </span>
     <span class='ocr_line' id='line_1_15' title="bbox 191 1705 1246 1788; baseline -0.002 -16"><span class='ocrx_word' id='word_1_128' title='bbox 191 1735 270 1773; x_wconf 31' lang='lat' dir='ltr'><strong>,rosa</strong></span> <span class='ocrx_word' id='word_1_129' title='bbox 296 1715 432 1783; x_wconf 78' lang='lat' dir='ltr'><strong>Christi,</strong></span> <span class='ocrx_word' id='word_1_130' title='bbox 459 1716 559 1784; x_wconf 71' lang='lat' dir='ltr'><strong>seito,</strong></span> <span class='ocrx_word' id='word_1_131' title='bbox 588 1715 731 1788; x_wconf 88' lang='lat' dir='ltr'><strong>quoniam</strong></span> <span class='ocrx_word' id='word_1_132' title='bbox 756 1705 834 1771; x_wconf 85' lang='lat' dir='ltr'><strong>inter</strong></span> <span class='ocrx_word' id='word_1_133' title='bbox 854 1716 953 1786; x_wconf 84' lang='lat' dir='ltr'><strong>spinas</strong></span> <span class='ocrx_word' id='word_1_134' title='bbox 976 1713 1170 1770; x_wconf 85' lang='lat' dir='ltr'><strong>conversatio</strong></span> <span class='ocrx_word' id='word_1_135' title='bbox 1194 1722 1246 1770; x_wconf 82' lang='lat' dir='ltr'><strong>tua</strong></span> 
     </span>
     <span class='ocr_line' id='line_1_16' title="bbox 170 1809 1246 1884; baseline -0.003 -19"><span class='ocrx_word' id='word_1_136' title='bbox 170 1840 176 1846; x_wconf 96' lang='lat'>-</span> <span class='ocrx_word' id='word_1_137' title='bbox 199 1811 274 1867; x_wconf 87' lang='lat' dir='ltr'><strong>erit:</strong></span> <span class='ocrx_word' id='word_1_138' title='bbox 301 1819 416 1865; x_wconf 89' lang='lat' dir='ltr'><strong>tantum</strong></span> <span class='ocrx_word' id='word_1_139' title='bbox 437 1810 523 1878; x_wconf 80' lang='lat' dir='ltr'><strong>vide,</strong></span> <span class='ocrx_word' id='word_1_140' title='bbox 549 1826 586 1864; x_wconf 88' lang='lat' dir='ltr'><strong>ne</strong></span> <span class='ocrx_word' id='word_1_141' title='bbox 602 1826 656 1881; x_wconf 90' lang='lat' dir='ltr'><strong>per</strong></span> <span class='ocrx_word' id='word_1_142' title='bbox 673 1811 888 1884; x_wconf 79' lang='lat' dir='ltr'><strong>impatientiam</strong></span> <span class='ocrx_word' id='word_1_143' title='bbox 907 1818 938 1864; x_wconf 90' lang='lat' dir='ltr'><strong>et</strong></span> <span class='ocrx_word' id='word_1_144' title='bbox 959 1810 1152 1864; x_wconf 87' lang='lat' dir='ltr'><strong>temerarium</strong></span> <span class='ocrx_word' id='word_1_145' title='bbox 1165 1809 1246 1880; x_wconf 89' lang='lat' dir='ltr'><strong>judi.</strong></span> 
     </span>
     <span class='ocr_line' id='line_1_17' title="bbox 199 1904 1246 1978; baseline 0.001 -19"><span class='ocrx_word' id='word_1_146' title='bbox 199 1907 280 1960; x_wconf 89' lang='lat' dir='ltr'><strong>cium</strong></span> <span class='ocrx_word' id='word_1_147' title='bbox 298 1905 346 1959; x_wconf 88' lang='lat' dir='ltr'><strong>vei</strong></span> <span class='ocrx_word' id='word_1_148' title='bbox 366 1904 517 1959; x_wconf 82' lang='lat' dir='ltr'><strong>occultam</strong></span> <span class='ocrx_word' id='word_1_149' title='bbox 541 1904 713 1974; x_wconf 77' lang='lat' dir='ltr'><strong>superbiam</strong></span> <span class='ocrx_word' id='word_1_150' title='bbox 733 1915 766 1958; x_wconf 90' lang='lat' dir='ltr'><strong>tu</strong></span> <span class='ocrx_word' id='word_1_151' title='bbox 785 1906 868 1978; x_wconf 83' lang='lat' dir='ltr'><strong>spina</strong></span> <span class='ocrx_word' id='word_1_152' title='bbox 882 1904 955 1961; x_wconf 71' lang='lat' dir='ltr'><strong>iias·</strong></span> <span class='ocrx_word' id='word_1_153' title='bbox 982 1906 1015 1961; x_wconf 91' lang='lat' dir='ltr'><strong>In</strong></span> <span class='ocrx_word' id='word_1_154' title='bbox 1033 1906 1133 1962; x_wconf 84' lang='lat' dir='ltr'><strong>medio</strong></span> <span class='ocrx_word' id='word_1_155' title='bbox 1148 1907 1246 1963; x_wconf 86' lang='lat' dir='ltr'><strong>inimi.</strong></span> 
     </span>
     <span class='ocr_line' id='line_1_18' title="bbox 199 1995 988 2065; baseline 0.005 -13"><span class='ocrx_word' id='word_1_156' title='bbox 199 2014 306 2053; x_wconf 85' lang='lat' dir='ltr'><strong>corum</strong></span> <span class='ocrx_word' id='word_1_157' title='bbox 324 2003 450 2065; x_wconf 78' lang='lat' dir='ltr'><strong>regnum</strong></span> <span class='ocrx_word' id='word_1_158' title='bbox 471 1995 583 2051; x_wconf 81' lang='lat' dir='ltr'><strong>Christi</strong></span> <span class='ocrx_word' id='word_1_159' title='bbox 604 2003 651 2052; x_wconf 84' lang='lat' dir='ltr'><strong>est</strong></span> <span class='ocrx_word' id='word_1_160' title='bbox 662 2035 672 2065; x_wconf 90' lang='lat'><strong>,</strong></span> <span class='ocrx_word' id='word_1_161' title='bbox 691 2007 724 2051; x_wconf 90' lang='lat' dir='ltr'><strong>ut</strong></span> <span class='ocrx_word' id='word_1_162' title='bbox 742 1997 881 2054; x_wconf 83' lang='lat' dir='ltr'><strong>Psaimus</strong></span> <span class='ocrx_word' id='word_1_163' title='bbox 905 2000 988 2056; x_wconf 88' lang='lat' dir='ltr'><strong>dicit.</strong></span> 
     </span>
    </p>

    <p class='ocr_par' dir='ltr' id='par_1_4' title="bbox 126 2088 1248 2907">
     <span class='ocr_line' id='line_1_19' title="bbox 266 2088 1246 2167; baseline 0.005 -21"><span class='ocrx_word' id='word_1_164' title='bbox 266 2091 317 2146; x_wconf 90' lang='lat' dir='ltr'><strong>Tu</strong></span> <span class='ocrx_word' id='word_1_165' title='bbox 335 2107 408 2159; x_wconf 85' lang='lat' dir='ltr'><strong>ergo</strong></span> <span class='ocrx_word' id='word_1_166' title='bbox 427 2089 498 2160; x_wconf 91' lang='lat' dir='ltr'><strong>quid</strong></span> <span class='ocrx_word' id='word_1_167' title='bbox 520 2088 604 2156; x_wconf 82' lang='lat' dir='ltr'><strong>tingis</strong></span> <span class='ocrx_word' id='word_1_168' title='bbox 622 2090 754 2147; x_wconf 85' lang='lat' dir='ltr'><strong>medium</strong></span> <span class='ocrx_word' id='word_1_169' title='bbox 771 2091 962 2147; x_wconf 85' lang='lat' dir='ltr'><strong>amicorum?</strong></span> <span class='ocrx_word' id='word_1_170' title='bbox 989 2093 1084 2162; x_wconf 85' lang='lat' dir='ltr'><strong>igitur</strong></span> <span class='ocrx_word' id='word_1_171' title='bbox 1101 2095 1246 2167; x_wconf 84' lang='lat' dir='ltr'><strong>quicquid</strong></span> 
     </span>
     <span class='ocr_line' id='line_1_20' title="bbox 198 2182 1246 2260; baseline 0.005 -21"><span class='ocrx_word' id='word_1_172' title='bbox 198 2183 252 2239; x_wconf 92' lang='lat' dir='ltr'><strong>tibi</strong></span> <span class='ocrx_word' id='word_1_173' title='bbox 276 2183 542 2250; x_wconf 84' lang='lat' dir='ltr'><strong>defuerit,&#39;coram</strong></span> <span class='ocrx_word' id='word_1_174' title='bbox 566 2182 702 2237; x_wconf 88' lang='lat' dir='ltr'><strong>Domino</strong></span> <span class='ocrx_word' id='word_1_175' title='bbox 724 2183 801 2238; x_wconf 84' lang='lat' dir='ltr'><strong>Jesu</strong></span> <span class='ocrx_word' id='word_1_176' title='bbox 819 2193 986 2256; x_wconf 85' lang='lat' dir='ltr'><strong>prostratus</strong></span> <span class='ocrx_word' id='word_1_177' title='bbox 1003 2187 1140 2256; x_wconf 86' lang='lat' dir='ltr'><strong>impetra.</strong></span> <span class='ocrx_word' id='word_1_178' title='bbox 1175 2189 1246 2260; x_wconf 81' lang='lat' dir='ltr'><strong>Ipse</strong></span> 
     </span>
     <span class='ocr_line' id='line_1_21' title="bbox 198 2275 1248 2349; baseline 0.001 -16"><span class='ocrx_word' id='word_1_179' title='bbox 198 2287 228 2333; x_wconf 89' lang='lat' dir='ltr'><strong>te</strong></span> <span class='ocrx_word' id='word_1_180' title='bbox 248 2275 369 2332; x_wconf 85' lang='lat' dir='ltr'><strong>docebit</strong></span> <span class='ocrx_word' id='word_1_181' title='bbox 388 2275 504 2330; x_wconf 85' lang='lat' dir='ltr'><strong>omnia:</strong></span> <span class='ocrx_word' id='word_1_182' title='bbox 530 2282 647 2329; x_wconf 91' lang='lat' dir='ltr'><strong>tantum</strong></span> <span class='ocrx_word' id='word_1_183' title='bbox 667 2275 799 2347; x_wconf 83' lang='lat' dir='ltr'><strong>inspice,</strong></span> <span class='ocrx_word' id='word_1_184' title='bbox 826 2277 897 2348; x_wconf 86' lang='lat' dir='ltr'><strong>qnid</strong></span> <span class='ocrx_word' id='word_1_185' title='bbox 919 2279 982 2349; x_wconf 85' lang='lat' dir='ltr'><strong>ipse</strong></span> <span class='ocrx_word' id='word_1_186' title='bbox 1000 2283 1108 2348; x_wconf 69' lang='lat' dir='ltr'><strong>prote</strong></span> <span class='ocrx_word' id='word_1_187' title='bbox 1129 2287 1160 2332; x_wconf 91' lang='lat' dir='ltr'><strong>et</strong></span> <span class='ocrx_word' id='word_1_188' title='bbox 1178 2297 1248 2335; x_wconf 89' lang='lat' dir='ltr'><strong>om.</strong></span> 
     </span>
     <span class='ocr_line' id='line_1_22' title="bbox 197 2368 1245 2440; baseline 0.006 -16"><span class='ocrx_word' id='word_1_189' title='bbox 197 2369 285 2425; x_wconf 90' lang='lat' dir='ltr'><strong>nibus</strong></span> <span class='ocrx_word' id='word_1_190' title='bbox 306 2370 393 2436; x_wconf 84' lang='lat' dir='ltr'><strong>iecit,</strong></span> <span class='ocrx_word' id='word_1_191' title='bbox 409 2376 444 2422; x_wconf 88' lang='lat' dir='ltr'><strong>ut</strong></span> <span class='ocrx_word' id='word_1_192' title='bbox 461 2368 557 2423; x_wconf 83' lang='lat' dir='ltr'><strong>discas</strong></span> <span class='ocrx_word' id='word_1_193' title='bbox 582 2377 612 2424; x_wconf 84' lang='lat' dir='ltr'><strong>et</strong></span> <span class='ocrx_word' id='word_1_194' title='bbox 632 2378 682 2434; x_wconf 90' lang='lat' dir='ltr'><strong>tu,</strong></span> <span class='ocrx_word' id='word_1_195' title='bbox 701 2370 770 2439; x_wconf 90' lang='lat' dir='ltr'><strong>quid</strong></span> <span class='ocrx_word' id='word_1_196' title='bbox 794 2386 850 2440; x_wconf 88' lang='lat' dir='ltr'><strong>pro</strong></span> <span class='ocrx_word' id='word_1_197' title='bbox 868 2370 932 2425; x_wconf 82' lang='lat' dir='ltr'><strong>aliis</strong></span> <span class='ocrx_word' id='word_1_198' title='bbox 950 2370 1049 2425; x_wconf 84' lang='lat' dir='ltr'><strong>iacere</strong></span> <span class='ocrx_word' id='word_1_199' title='bbox 1068 2369 1189 2426; x_wconf 83' lang='lat' dir='ltr'><strong>debeas.</strong></span> <span class='ocrx_word' id='word_1_200' title='bbox 1216 2374 1245 2429; x_wconf 88' lang='lat' dir='ltr'><strong>Si</strong></span> 
     </span>
     <span class='ocr_line' id='line_1_23' title="bbox 188 2460 1243 2536; baseline 0.003 -17"><span class='ocrx_word' id='word_1_201' title='bbox 188 2463 261 2536; x_wconf 81' lang='lat' dir='ltr'><strong>-ipse</strong></span> <span class='ocrx_word' id='word_1_202' title='bbox 276 2479 336 2518; x_wconf 90' lang='lat' dir='ltr'><strong>nou</strong></span> <span class='ocrx_word' id='word_1_203' title='bbox 349 2463 405 2517; x_wconf 84' lang='lat' dir='ltr'><strong>nisi</strong></span> <span class='ocrx_word' id='word_1_204' title='bbox 424 2463 502 2517; x_wconf 90' lang='lat' dir='ltr'><strong>inter</strong></span> <span class='ocrx_word' id='word_1_205' title='bbox 516 2460 614 2517; x_wconf 89' lang='lat' dir='ltr'><strong>bonos</strong></span> <span class='ocrx_word' id='word_1_206' title='bbox 632 2464 734 2517; x_wconf 89' lang='lat' dir='ltr'><strong>vivere</strong></span> <span class='ocrx_word' id='word_1_207' title='bbox 751 2471 782 2518; x_wconf 86' lang='lat' dir='ltr'><strong>et</strong></span> <span class='ocrx_word' id='word_1_208' title='bbox 798 2480 854 2536; x_wconf 85' lang='lat' dir='ltr'><strong>pro</strong></span> <span class='ocrx_word' id='word_1_209' title='bbox 871 2463 974 2519; x_wconf 85' lang='lat' dir='ltr'><strong>amicis</strong></span> <span class='ocrx_word' id='word_1_210' title='bbox 985 2465 1064 2518; x_wconf 87' lang='lat' dir='ltr'><strong>mori</strong></span> <span class='ocrx_word' id='word_1_211' title='bbox 1079 2464 1243 2522; x_wconf 83' lang='lat' dir='ltr'><strong>voluisset:</strong></span> 
     </span>
     <span class='ocr_line' id='line_1_24' title="bbox 197 2556 1244 2630; baseline 0.005 -20"><span class='ocrx_word' id='word_1_212' title='bbox 197 2574 254 2630; x_wconf 87' lang='lat' dir='ltr'><strong>pro</strong></span> <span class='ocrx_word' id='word_1_213' title='bbox 277 2556 385 2630; x_wconf 79' lang='lat' dir='ltr'><strong>quibua</strong></span> <span class='ocrx_word' id='word_1_214' title='bbox 400 2571 502 2627; x_wconf 77' lang='lat' dir='ltr'><strong>quaeso</strong></span> <span class='ocrx_word' id='word_1_215' title='bbox 520 2565 660 2612; x_wconf 86' lang='lat' dir='ltr'><strong>mortuus</strong></span> <span class='ocrx_word' id='word_1_216' title='bbox 680 2564 778 2626; x_wconf 86' lang='lat' dir='ltr'><strong>esset,</strong></span> <span class='ocrx_word' id='word_1_217' title='bbox 798 2568 848 2612; x_wconf 87' lang='lat' dir='ltr'><strong>aut</strong></span> <span class='ocrx_word' id='word_1_218' title='bbox 873 2574 943 2613; x_wconf 87' lang='lat' dir='ltr'><strong>curn</strong></span> <span class='ocrx_word' id='word_1_219' title='bbox 969 2574 1031 2629; x_wconf 90' lang='lat' dir='ltr'><strong>qno</strong></span> <span class='ocrx_word' id='word_1_220' title='bbox 1048 2575 1181 2630; x_wconf 89' lang='lat' dir='ltr'><strong>unquam</strong></span> <span class='ocrx_word' id='word_1_221' title='bbox 1200 2560 1244 2615; x_wconf 84' lang='lat' dir='ltr'><strong>vi.</strong></span> 
     </span>
     <span class='ocr_line' id='line_1_25' title="bbox 197 2647 1243 2723; baseline 0.003 -17"><span class='ocrx_word' id='word_1_222' title='bbox 197 2652 321 2708; x_wconf 75' lang='lat' dir='ltr'><strong>xisseti,</strong></span> <span class='ocrx_word' id='word_1_223' title='bbox 346 2651 394 2704; x_wconf 74' lang='lat' dir='ltr'><strong>bio</strong></span> <span class='ocrx_word' id='word_1_224' title='bbox 411 2666 482 2719; x_wconf 83' lang='lat' dir='ltr'><strong>age,</strong></span> <span class='ocrx_word' id='word_1_225' title='bbox 501 2650 541 2704; x_wconf 90' lang='lat' dir='ltr'><strong>mi</strong></span> <span class='ocrx_word' id='word_1_226' title='bbox 562 2647 684 2719; x_wconf 84' lang='lat' dir='ltr'><strong>Frater,</strong></span> <span class='ocrx_word' id='word_1_227' title='bbox 703 2661 734 2706; x_wconf 92' lang='lat' dir='ltr'><strong>et</strong></span> <span class='ocrx_word' id='word_1_228' title='bbox 754 2668 807 2706; x_wconf 91' lang='lat' dir='ltr'><strong>ora</strong></span> <span class='ocrx_word' id='word_1_229' title='bbox 825 2668 881 2723; x_wconf 90' lang='lat' dir='ltr'><strong>pro</strong></span> <span class='ocrx_word' id='word_1_230' title='bbox 897 2669 964 2720; x_wconf 89' lang='lat' dir='ltr'><strong>me,</strong></span> <span class='ocrx_word' id='word_1_231' title='bbox 983 2663 1014 2706; x_wconf 91' lang='lat' dir='ltr'><strong>et</strong></span> <span class='ocrx_word' id='word_1_232' title='bbox 1033 2652 1186 2710; x_wconf 89' lang='lat' dir='ltr'><strong>Dominus</strong></span> <span class='ocrx_word' id='word_1_233' title='bbox 1203 2654 1243 2716; x_wconf 86' lang='lat' dir='ltr'><strong>eit</strong></span> 
     </span>
     <span class='ocr_line' id='line_1_26' title="bbox 197 2743 1241 2818; baseline 0.004 -18"><span class='ocrx_word' id='word_1_234' title='bbox 197 2754 310 2802; x_wconf 81' lang='lat' dir='ltr'><strong>tecum.</strong></span> <span class='ocrx_word' id='word_1_235' title='bbox 336 2744 409 2800; x_wconf 86' lang='lat' dir='ltr'><strong>Vale</strong></span> <span class='ocrx_word' id='word_1_236' title='bbox 426 2744 456 2798; x_wconf 90' lang='lat' dir='ltr'><strong>in</strong></span> <span class='ocrx_word' id='word_1_237' title='bbox 472 2743 619 2799; x_wconf 85' lang='lat' dir='ltr'><strong>Domino.</strong></span> <span class='ocrx_word' id='word_1_238' title='bbox 645 2743 695 2800; x_wconf 85' lang='lat' dir='ltr'><strong>Ex</strong></span> <span class='ocrx_word' id='word_1_239' title='bbox 715 2745 936 2814; x_wconf 81' lang='lat' dir='ltr'><strong>Wittemberg,</strong></span> <span class='ocrx_word' id='word_1_240' title='bbox 957 2747 1031 2802; x_wconf 84' lang='lat' dir='ltr'><strong>seria</strong></span> <span class='ocrx_word' id='word_1_241' title='bbox 1047 2752 1076 2807; x_wconf 85' lang='grc'><strong>3.</strong></span> <span class='ocrx_word' id='word_1_242' title='bbox 1094 2755 1163 2818; x_wconf 83' lang='lat' dir='ltr'><strong>post</strong></span> <span class='ocrx_word' id='word_1_243' title='bbox 1179 2747 1241 2803; x_wconf 88' lang='lat' dir='ltr'><strong>Mi.</strong></span> 
     </span>
     <span class='ocr_line' id='line_1_27' title="bbox 126 2825 804 2907; baseline 0.003 -14"><span class='ocrx_word' id='word_1_244' title='bbox 126 2887 129 2893; x_wconf 93' lang='lat'><em>.</em></span> <span class='ocrx_word' id='word_1_245' title='bbox 197 2840 362 2899; x_wconf 82' lang='lat' dir='ltr'><strong>sericordia</strong></span> <span class='ocrx_word' id='word_1_246' title='bbox 382 2838 524 2907; x_wconf 90' lang='lat' dir='ltr'><strong>Domini,</strong></span> <span class='ocrx_word' id='word_1_247' title='bbox 543 2853 620 2892; x_wconf 89' lang='lat' dir='ltr'><strong>anuo</strong></span> <span class='ocrx_word' id='word_1_248' title='bbox 640 2825 804 2896; x_wconf 81' lang='lat' dir='ltr'><strong>MDXVI.·</strong></span> 
     </span>
    </p>

    <p class='ocr_par' dir='ltr' id='par_1_5' title="bbox 447 2927 1240 3005">
     <span class='ocr_line' id='line_1_28' title="bbox 447 2927 1240 3005; baseline 0.005 -17"><span class='ocrx_word' id='word_1_249' title='bbox 447 2932 552 2988; x_wconf 86' lang='lat' dir='ltr'><strong>Frater</strong></span> <span class='ocrx_word' id='word_1_250' title='bbox 569 2942 639 2989; x_wconf 90' lang='lat' dir='ltr'><strong>tuus</strong></span> <span class='ocrx_word' id='word_1_251' title='bbox 655 2932 809 2989; x_wconf 86' lang='lat' dir='ltr'><strong>Martinus</strong></span> <span class='ocrx_word' id='word_1_252' title='bbox 827 2933 981 2991; x_wconf 84' lang='lat' dir='ltr'><strong>Lutherua</strong></span> <span class='ocrx_word' id='word_1_253' title='bbox 998 2927 1240 3005; x_wconf 81' lang='lat' dir='ltr'><strong>Augustinianus.</strong></span> 
     </span>
    </p>
   </div>
   <div class='ocr_carea' id='block_1_3' title="bbox 312 3551 1126 3637">
    <p class='ocr_par' dir='ltr' id='par_1_6' title="bbox 312 3551 1126 3637">
     <span class='ocr_line' id='line_1_29' title="bbox 312 3551 1126 3637; baseline -0.005 -11"><span class='ocrx_word' id='word_1_254' title='bbox 312 3553 361 3626; x_wconf 77' lang='lat' dir='ltr'><strong>tiu</strong></span> <span class='ocrx_word' id='word_1_255' title='bbox 389 3553 518 3634; x_wconf 69' lang='lat' dir='ltr'><strong>uentu</strong></span> <span class='ocrx_word' id='word_1_256' title='bbox 550 3551 724 3633; x_wconf 59' lang='lat' dir='ltr'><strong>tritius</strong></span> <span class='ocrx_word' id='word_1_257' title='bbox 753 3554 930 3636; x_wconf 69' lang='lat' dir='ltr'><strong>turatino</strong></span> <span class='ocrx_word' id='word_1_258' title='bbox 951 3557 984 3627; x_wconf 81' lang='lat' dir='ltr'><strong>iu</strong></span> <span class='ocrx_word' id='word_1_259' title='bbox 1005 3554 1126 3637; x_wconf 66' lang='lat' dir='ltr'><strong>trinu.</strong></span> 
     </span>
    </p>
   </div>
   <div class='ocr_carea' id='block_1_4' title="bbox 195 3709 1241 3936">
    <p class='ocr_par' dir='ltr' id='par_1_7' title="bbox 195 3709 1241 3936">
     <span class='ocr_line' id='line_1_30' title="bbox 249 3709 1240 3767; baseline 0.004 -9"><span class='ocrx_word' id='word_1_260' title='bbox 249 3711 275 3761; x_wconf 74' lang='lat' dir='ltr'><strong>u.</strong></span> <span class='ocrx_word' id='word_1_261' title='bbox 292 3709 371 3763; x_wconf 75' lang='lat' dir='ltr'><strong>uitet</strong></span> <span class='ocrx_word' id='word_1_262' title='bbox 391 3712 467 3762; x_wconf 76' lang='lat' dir='ltr'><strong>trinta</strong></span> <span class='ocrx_word' id='word_1_263' title='bbox 489 3710 583 3765; x_wconf 54' lang='lat' dir='ltr'><strong>stertat</strong></span> <span class='ocrx_word' id='word_1_264' title='bbox 600 3717 678 3766; x_wconf 72' lang='lat' dir='ltr'><strong>neuen</strong></span> <span class='ocrx_word' id='word_1_265' title='bbox 696 3714 734 3760; x_wconf 80' lang='lat' dir='ltr'><strong>tu</strong></span> <span class='ocrx_word' id='word_1_266' title='bbox 751 3712 941 3767; x_wconf 67' lang='lat' dir='ltr'><strong>unumunurm</strong></span> <span class='ocrx_word' id='word_1_267' title='bbox 963 3715 997 3761; x_wconf 77' lang='lat' dir='ltr'><strong>tte</strong></span> <span class='ocrx_word' id='word_1_268' title='bbox 1016 3725 1041 3760; x_wconf 83' lang='lat' dir='ltr'><strong>rr</strong></span> <span class='ocrx_word' id='word_1_269' title='bbox 1057 3715 1169 3766; x_wconf 73' lang='lat' dir='ltr'><strong>utrttrtr</strong></span> <span class='ocrx_word' id='word_1_270' title='bbox 1193 3715 1240 3762; x_wconf 82' lang='lat' dir='ltr'><strong>unt</strong></span> 
     </span>
     <span class='ocr_line' id='line_1_31' title="bbox 195 3796 1241 3874; baseline -0.001 -25"><span class='ocrx_word' id='word_1_271' title='bbox 195 3796 271 3849; x_wconf 76' lang='lat' dir='ltr'><strong>intret</strong></span> <span class='ocrx_word' id='word_1_272' title='bbox 285 3799 326 3852; x_wconf 79' lang='lat' dir='ltr'><strong>tin</strong></span> <span class='ocrx_word' id='word_1_273' title='bbox 347 3800 405 3852; x_wconf 71' lang='lat' dir='ltr'><strong>nuti</strong></span> <span class='ocrx_word' id='word_1_274' title='bbox 428 3798 467 3852; x_wconf 75' lang='lat' dir='ltr'><strong>iub</strong></span> <span class='ocrx_word' id='word_1_275' title='bbox 485 3807 542 3854; x_wconf 77' lang='lat' dir='ltr'><strong>aaut</strong></span> <span class='ocrx_word' id='word_1_276' title='bbox 560 3799 643 3853; x_wconf 72' lang='lat' dir='ltr'><strong>saturn</strong></span> <span class='ocrx_word' id='word_1_277' title='bbox 659 3799 765 3854; x_wconf 51' lang='lat' dir='ltr'><strong>trinu,</strong></span> <span class='ocrx_word' id='word_1_278' title='bbox 781 3803 834 3874; x_wconf 78' lang='lat' dir='ltr'><strong>ten</strong></span> <span class='ocrx_word' id='word_1_279' title='bbox 854 3800 885 3854; x_wconf 76' lang='lat' dir='ltr'><strong>tt.</strong></span> <span class='ocrx_word' id='word_1_280' title='bbox 904 3800 1108 3855; x_wconf 69' lang='lat' dir='ltr'><strong>uastantantute</strong></span> <span class='ocrx_word' id='word_1_281' title='bbox 1131 3807 1241 3855; x_wconf 76' lang='lat' dir='ltr'><strong>natutae·</strong></span> 
     </span>
     <span class='ocr_line' id='line_1_32' title="bbox 195 3891 290 3936; baseline -0.021 0"><span class='ocrx_word' id='word_1_282' title='bbox 195 3891 290 3936; x_wconf 74' lang='lat' dir='ltr'><strong>tanuen.</strong></span> 
     </span>
    </p>
   </div>
   <div class='ocr_carea' id='block_1_5' title="bbox 193 4060 1241 4128">
    <p class='ocr_par' dir='ltr' id='par_1_8' title="bbox 193 4060 1241 4128">
     <span class='ocr_line' id='line_1_33' title="bbox 193 4060 1241 4128; baseline 0.005 -9"><span class='ocrx_word' id='word_1_283' title='bbox 193 4072 245 4127; x_wconf 69' lang='lat' dir='ltr'><strong>ura</strong></span> <span class='ocrx_word' id='word_1_284' title='bbox 267 4072 441 4122; x_wconf 80' lang='lat' dir='ltr'><strong>Auritaber</strong></span> <span class='ocrx_word' id='word_1_285' title='bbox 461 4074 481 4122; x_wconf 87' lang='lat'><strong>1.</strong></span> <span class='ocrx_word' id='word_1_286' title='bbox 498 4073 533 4123; x_wconf 84' lang='lat' dir='ltr'><strong>ts.</strong></span> <span class='ocrx_word' id='word_1_287' title='bbox 560 4070 679 4128; x_wconf 70' lang='lat' dir='ltr'><strong>tituta</strong></span> <span class='ocrx_word' id='word_1_288' title='bbox 695 4072 714 4121; x_wconf 93' lang='lat'><strong>1.</strong></span> <span class='ocrx_word' id='word_1_289' title='bbox 730 4075 781 4124; x_wconf 76' lang='lat' dir='ltr'><strong>stt.</strong></span> <span class='ocrx_word' id='word_1_290' title='bbox 808 4060 964 4127; x_wconf 66' lang='lat' dir='ltr'><strong>brustinus</strong></span> <span class='ocrx_word' id='word_1_291' title='bbox 982 4070 1079 4123; x_wconf 71' lang='lat' dir='ltr'><strong>turin</strong></span> <span class='ocrx_word' id='word_1_292' title='bbox 1102 4073 1171 4122; x_wconf 78' lang='lat' dir='ltr'><strong>XXL</strong></span> <span class='ocrx_word' id='word_1_293' title='bbox 1190 4073 1241 4124; x_wconf 73' lang='lat' dir='ltr'><strong>su.</strong></span> 
     </span>
    </p>
   </div>
   <div class='ocr_carea' id='block_1_6' title="bbox 0 0 1292 4732">
    <p class='ocr_par' dir='ltr' id='par_1_9' title="bbox 0 0 1292 4732">
     <span class='ocr_line' id='line_1_34' title="bbox 0 0 1292 4732; baseline 0 1"><span class='ocrx_word' id='word_1_294' title='bbox 0 0 1292 4732; x_wconf 95' lang='lat' dir='ltr'><strong> </strong></span> 
     </span>
    </p>
   </div>
  </div>
 </body>
</html>
