2574 4732
539 329 629 396 1516.
1070 338 1113 400 25

57 505 124 560 quae
146 489 217 544 Deo
236 488 394 561 displicent
414 496 444 543 et
460 488 596 545 sordent.
630 488 703 547 Non
723 489 804 562 quod
824 506 930 560 negem
953 489 1110 550 hominem

57 585 87 640 in
123 583 311 639 secularibus
340 584 448 639 studiis
480 599 547 639 esse
568 583 703 639 omnium
732 584 1022 655 prudentissimum:
1055 588 1110 643 sed

57 679 141 749 quod
168 679 197 733 iu
219 677 272 746 iis,
291 693 357 748 quaa
377 678 412 731 ad
431 677 535 732 Deum
560 677 711 749 pertinent
731 686 761 731 et
779 677 942 732 animarum
957 680 1108 745 sulutem,

58 789 143 844 paroc
167 773 279 843 septies
303 787 419 826 cecum
437 786 597 840 agnoscam
607 810 617 840 ‚
634 771 747 842 puriter
764 786 834 825 cum
850 780 904 827 tuo
915 770 1109 842 Plellittgero.

125 863 194 921 Nec
212 865 275 920 lroc
295 862 412 919 dicuin
437 863 562 933 angulo,
585 874 620 920 ut
639 864 809 920 detractor:
837 880 894 919 nec
913 864 1007 936 volo,
1025 868 1109 938 quod
1182 902 1188 909 -

57 964 91 1012 tu
112 958 281 1014 abscondas
301 957 365 1011 ullo
386 967 494 1028 pactot
512 968 631 1027 paratus
652 973 742 1026 sum,
761 956 828 1013 data
847 957 967 1013 ubiubi
985 971 1110 1031 oportu.

57 1051 170 1119 nitate,
194 1052 315 1122 utrique
336 1051 366 1106 iu
382 1050 489 1106 laniem
512 1051 622 1106 dicere.
659 1051 688 1106 Si
706 1061 808 1107 autem
830 1061 950 1106 certum
971 1062 1051 1108 esset
1069 1068 1110 1109 cx

57 1143 233 1207 Decesse,
253 1145 335 1216 quod
355 1162 415 1216 praa
434 1145 571 1200 manibus
593 1155 653 1201 est:
681 1156 755 1216 opto
775 1146 1004 1216 persuasionem
1026 1155 1110 1201 tuum

58 1237 179 1308 ignem,
197 1246 227 1293 et
247 1237 329 1293 illum
351 1241 490 1311 stipulam
511 1240 584 1296 lieri.
629 1241 677 1294 Ac
695 1255 732 1294 ne
751 1248 839 1309 putes
858 1240 934 1296 adeo
954 1249 1112 1295 secretum

59 1347 149 1401 esse,
175 1332 256 1404 quod
272 1332 419 1406 Princeps
440 1343 541 1390 tecum
558 1334 700 1398 molitur,
729 1328 827 1388 audivi
846 1350 908 1389 nou
927 1333 1035 1399 brevi,
1057 1352 1109 1390 un.

59 1437 180 1497 tequam
202 1426 304 1482 literas
326 1438 391 1483 tuus
413 1428 549 1483 viderem
558 1469 569 1498 ‚
587 1427 787 1484 reverendum
805 1426 929 1483 Patrem
944 1429 1107 1488 desiderari

59 1517 88 1573 in
111 1518 297 1599 Episcopum
322 1520 368 1587 (ai
389 1533 474 1577 recte
493 1523 637 1589 utemini)
665 1532 697 1590 tu
718 1517 900 1591 iimitbta).
943 1521 980 1577 ld
1006 1533 1109 1580 autern

58 1623 122 1680 est,
148 1615 174 1670 si
197 1631 258 1670 uon
282 1613 357 1670 falso
380 1613 548 1683 subolfeci‚
567 1615 649 1686 quod
670 1615 764 1668 literae
786 1624 844 1669 tuae
868 1623 898 1669 et
917 1612 1109 1685 Plelliugeri,

58 1708 120 1762 imo
138 1716 168 1761 et
184 1711 301 1764 sororis
320 1709 383 1778 rjus
397 1707 585 1771 Abbatissae,
605 1723 680 1779 quas
698 1708 728 1761 in
747 1705 887 1762 Eialebeu
903 1695 981 1775 vidi,
1008 1719 1109 1777 agunt.

126 1800 202 1869 Sed,
215 1803 328 1872 optime
350 1800 510 1872 Spalatiue,
529 1817 590 1855 uon
603 1809 674 1856 sunt
692 1800 757 1855 baec
781 1811 918 1872 tempora
935 1801 1000 1871 ejus
1016 1802 1111 1856 felici.

55 1895 154 1962 tatic,
181 1904 216 1947 ut
237 1894 381 1960 beatum,
410 1895 473 1949 imo
497 1910 557 1948 non
577 1893 778 1950 miserrimum
798 1895 853 1956 sit,
881 1895 1049 1964 praesulari,
1079 1895 1111 1953 id

56 1997 125 2055 cst,
152 1988 350 2058 pergraecari,
376 1985 570 2057 sodomitari,
598 1987 764 2045 romanarl:
794 1989 876 2059 quod
896 1989 959 2061 ipse
978 1989 1049 2045 tatis
1065 1987 1110 2044 ln.

53 2079 189 2149 redigis,
214 2079 240 2136 si
266 2097 357 2151 opera
381 2090 411 2161 et
435 2081 531 2136 studia
553 2083 765 2154 episcoporum
787 2083 977 2155 antiquorum
1001 2083 1108 2140 studiis

55 2183 87 2230 et
113 2173 257 2244 operibus
279 2183 388 2231 nostrae
414 2175 507 2230 aetatis
526 2176 700 2246 pontificum
718 2177 891 2234 contuleris·
926 2177 1009 2234 luter
1028 2195 1107 2250 quus

54 2283 138 2324 nuno
159 2278 230 2326 sunt
249 2268 373 2339 optimi,
399 2268 450 2342 qui
468 2269 544 2324 bella
563 2271 695 2327 forensia
714 2271 787 2328 totis
811 2271 1019 2327 machinarum
1041 2287 1108 2326 orn.

55 2364 140 2417 nium
164 2361 281 2416 viribus
302 2360 430 2432 gerunt,
457 2372 487 2417 et
511 2380 576 2419 rem
603 2364 801 2433 familiarem,
827 2365 856 2420 irl
885 2373 949 2433 est,
977 2365 1108 2422 avaritiae

56 2455 208 2510 infernum
232 2456 456 2512 insaturabilem
476 2457 629 2515 aedificant.
674 2457 717 2514 Et
745 2474 915 2530 quanquam
931 2459 1028 2514 homo
1049 2460 1107 2514 iste

58 2550 97 2605 sit
111 2550 306 2605 alienissimus
327 2551 441 2607 avitiis
461 2551 539 2608 istis:
559 2553 651 2620 tub)
670 2569 708 2607 ne
728 2551 784 2607 lide
801 2552 941 2623 jubebis,
967 2553 1035 2607 data
1055 2569 1109 2607 oc.
1214 2548 1218 2563 ¹

59 2643 198 2712 catione,
217 2645 278 2699 imo
299 2643 428 2716 pellente
447 2641 503 2711 (ut
523 2661 604 2700 nunc
624 2645 734 2716 passim
753 2645 787 2700 fit
805 2655 836 2700 et
854 2643 986 2715 dicitur)
1003 2660 1109 2700 neces.

59 2737 166 2808 sirete,
183 2736 340 2793 hominem
358 2754 419 2792 non
440 2738 607 2794 involutum
622 2739 659 2793 iri
680 2739 853 2797 turbinibus
871 2748 902 2793 et
924 2736 1110 2809 tempestati.

57 2830 118 2886 bus
136 2830 202 2886 istis
220 2831 432 2900 fragoslssimis
451 2832 603 2886 curiarum
627 2831 862 2905 episcopalium

129 2924 187 2980 Sed
205 2923 243 2978 de
262 2925 299 2981 iis
322 2925 414 2987 satis,
443 2924 479 2979 ad
501 2934 582 2980 tuam
601 2924 778 2994 petitionem
797 2925 977 2995 respondeo.
1012 2925 1041 2979 Si
1062 2932 1109 2981 est

58 3037 132 3076 uere
147 3019 216 3075 lrtec
234 3035 301 3088 res,
320 3036 386 3090 quas
408 3034 525 3073 nroram
543 3018 751 3090 conpatitur,
770 3017 844 3074 mihi
858 3017 958 3073 statim
976 3018 1108 3090 significa

59 3130 186 3187 quaeso,
213 3115 294 3186 quod
319 3114 502 3169 reverendus
531 3112 623 3169 Pater
655 3113 748 3168 modo
781 3112 810 3167 in
834 3114 1001 3184 Antuerpia
1028 3114 1106 3183 agit.

59 3220 129 3264 ante
153 3217 329 3264 autumnum
351 3209 404 3263 vix
425 3224 626 3264 reversurus:
657 3209 774 3263 mittam
800 3217 900 3262 autem
922 3208 985 3278 ejus
1014 3209 1108 3278 gratis

57 3303 156 3359 libens
180 3302 337 3374 proprium
361 3303 498 3358 nuntium
520 3318 615 3373 usqne
648 3300 813 3358 Coloniam.
858 3301 945 3356 Hunc
963 3302 1041 3356 enirn
1062 3302 1107 3357 lo.

59 3415 132 3452 cum
156 3397 245 3452 nobis
270 3396 421 3467 deputavit
442 3414 499 3468 pro
522 3396 615 3452 literis
640 3395 733 3451 adse
762 3395 927 3452 mittendis·
976 3394 1049 3451 Vale
1076 3395 1107 3451 iu

58 3491 218 3558 Domino,
246 3499 277 3546 et
298 3507 351 3546 ora
371 3509 426 3565 pro
448 3508 508 3546 me.
542 3491 592 3547 Ex
617 3491 801 3548 munasterio
824 3488 1107 3560 wirtembergensi,

58 3595 171 3644 octava
189 3582 270 3640 Juuii
281 3623 292 3654 ‚
316 3600 393 3641 auno
413 3584 565 3641 MDXVI.
642 3634 644 3637 .

695 3679 847 3738 Martinus
865 3679 961 3738 Lnter
978 3679 1107 3749 August.

117 3969 148 4017 ι)
163 3963 279 4014 wald:
294 3966 409 4019 ulnsrlr.

114 4045 236 4102 morl
257 4046 329 4095 lta.
354 4057 442 4095 tsntts.
