2574 4732
602 314 692 381 1516.
1133 320 1173 388 37

125 463 305 526 Venerabili
333 473 363 524 et
385 465 545 544 religionis
571 471 698 527 sineere
722 469 852 537 homini,
883 471 1021 531 Johmrni
1039 472 1170 550 lango.
1233 532 1235 537 ⁴

129 598 134 609 ·
191 564 228 620 8.
248 561 420 638 rusumque
444 562 568 620 sarem
591 560 804 622 Ererniturum
828 564 1017 636 Edisrdens.
1042 569 1169 640 Priori,

190 653 249 714 ridi
265 656 300 713 iu
316 655 452 714 Dnmim
467 655 666 729 smpieimdo.

563 806 734 867 desus.

120 929 273 1024 Sueten.
307 965 369 1024 Hes
385 967 504 1033 literas,
530 969 571 1026 mi
586 977 690 1043 pater,
711 971 748 1028 sd
762 970 904 1030 Priorem
918 971 1167 1045 Esehuegensem
1189 970 1195 978 '

121 1076 239 1135 queque
255 1063 371 1136 puteris
390 1051 535 1120 industria
554 1065 682 1135 perferri
700 1080 802 1136 quaeso
823 1082 915 1137 eure,
942 1081 978 1123 se
993 1067 1167 1142 pecuniam,

121 1156 147 1212 si
163 1170 252 1229 quem
267 1157 304 1212 sd
323 1165 354 1212 ts
373 1157 508 1228 miserit,
524 1158 622 1214 nuiius
638 1163 711 1217 item
729 1158 857 1226 feciiius,
878 1175 968 1233 quem
990 1170 1039 1228 tu,
1057 1161 1093 1216 ed
1110 1176 1167 1218 nus

120 1250 280 1323 pervenire
299 1249 398 1307 ieeiet.
426 1250 491 1307 Scis
510 1251 589 1308 enim
604 1252 710 1321 genios
727 1253 866 1325 laresque
889 1261 920 1309 et
937 1253 1098 1310 universos
1115 1269 1169 1325 pe.

120 1351 205 1400 natm
223 1351 345 1400 nostrus
364 1359 453 1416 quem
472 1343 532 1400 sint
553 1360 645 1401 moun
663 1346 929 1418 impatientissimi,
950 1347 1020 1418 quis
1038 1362 1166 1419 pauper.

120 1435 198 1492 rimi.
216 1433 442 1506 Esehuepensis
455 1437 603 1510 siquidem
616 1439 710 1494 irater
726 1448 794 1509 eget
810 1439 892 1511 ipse,
910 1450 941 1496 et
952 1439 1044 1497 debet
1061 1436 1163 1505 nobis,

120 1537 152 1586 et
169 1530 210 1586 ite
227 1539 295 1602 eget
312 1538 344 1587 et
362 1531 468 1601 debet,
485 1540 520 1586 ut
536 1531 598 1588 cito
617 1533 750 1602 adjuvari
767 1548 837 1587 eum
855 1542 1007 1604 oporteat.

187 1623 317 1697 Ineptias
332 1625 419 1696 ittae,
434 1639 509 1696 ques
527 1624 564 1678 ed
576 1639 626 1678 me
642 1624 767 1686 misisti,
786 1625 823 1678 de
843 1624 1110 1696 snppiientiunibus
1127 1624 1165 1680 sd

118 1719 150 1775 S.
167 1716 350 1776 Pontificem
366 1728 474 1773 contre
492 1716 735 1784 theologastros,
753 1714 790 1788 1)
806 1716 894 1771 nimis
913 1725 1053 1789 apparet,
1071 1732 1166 1773 enon

118 1811 261 1869 modesto
278 1810 398 1879 ingenio
419 1810 550 1879 effictus,
567 1824 752 1880 prorsusque
769 1807 894 1863 eandem
913 1809 1030 1864 olentes
1047 1818 1168 1879 testem,

118 1918 212 1976 quem
227 1902 372 1974 Epistola
384 1901 588 1959 obscurorum
603 1903 750 1959 virorum.
769 1901 900 1970 Vulgare
911 1911 1013 1956 sutem
1029 1909 1098 1957 sunt
1111 1918 1167 1975 per

114 2013 169 2054 me
185 2012 268 2067 pane
288 1995 428 2051 omnibus
450 2010 637 2069 opportune,
655 2013 724 2052 eum
742 2011 877 2058 essemus
896 2011 1003 2051 omues
1027 1995 1116 2052 simul
1134 1994 1166 2051 in

115 2090 310 2146 licentieture
327 2087 375 2157 (ut
389 2088 517 2157 dieitur)
534 2090 661 2164 quedem
672 2091 803 2146 duorum
822 2089 1012 2161 medicorum
1030 2089 1162 2146 invitati:

114 2193 149 2241 et
167 2182 310 2240 omnibus
327 2182 406 2239 idem
419 2183 567 2255 judicium
585 2185 614 2240 in
630 2184 696 2239 illes
714 2183 782 2240 tuit.

182 2276 283 2332 Fsven
298 2274 340 2331 D·
352 2275 500 2334 Dostoris
517 2274 663 2347 Henningi
677 2276 857 2333 honoribus.
867 2276 1011 2344 erudite,
1027 2275 1082 2333 sed
1098 2293 1162 2337 nun

115 2370 216 2429 minus
239 2370 326 2426 saluti
345 2369 410 2442 ejus
430 2371 523 2427 timeo
539 2371 671 2443 trepide,
696 2387 735 2426 ne
753 2370 835 2427 intte
853 2370 978 2426 tollatur
996 2370 1027 2426 iu
1046 2369 1140 2427 ultum
1150 2407 1163 2440 ,

113 2473 150 2523 ut
164 2464 250 2538 lspsn
273 2464 412 2534 gresiore
433 2474 519 2521 rust:
551 2465 603 2521 det
621 2464 650 2520 ei
668 2463 820 2521 Dominus
838 2463 976 2519 modeste
992 2463 1023 2519 in
1042 2463 1162 2520 eunetis

115 2573 241 2631 supere,
258 2573 350 2630 seque
368 2558 466 2627 ipsum
483 2558 595 2630 liquide
611 2572 788 2626 agnoscere.

182 2651 306 2709 Patrem
326 2651 366 2708 R.
387 2650 596 2708 vinarium-in
618 2651 753 2707 Moneco
779 2656 863 2704 recte
886 2650 1062 2725 quaesisses:
1093 2642 1162 2704 inde

116 2745 198 2801 enim
216 2745 318 2801 literas
341 2744 377 2799 nd
400 2759 448 2804 me
465 2745 547 2800 dedit
565 2743 750 2815 Septembris
772 2747 815 2799 10.
828 2741 965 2811 Nescio,
992 2757 1031 2796 su
1050 2742 1087 2797 sd
1105 2757 1162 2797 nos

114 2841 156 2896 sit
180 2850 344 2907 venturus,
375 2847 512 2908 speratur
537 2845 647 2893 temen.
679 2835 760 2891 Mihi
784 2850 855 2890 sune
880 2834 1006 2902 scribit,
1034 2849 1068 2890 se
1092 2835 1162 2905 engi

113 2950 256 3000 manere,
273 2932 455 2989 necessitate
472 2929 590 2986 seilicet
608 2927 802 3002 paupertatis.

183 3027 296 3084 Fratris
314 3025 379 3095 tui,
397 3025 458 3081 imo
476 3025 573 3080 nostri
588 3032 732 3095 spoststae
747 3036 852 3077 curem
868 3019 947 3077 hebe
964 3020 1162 3093 spudDumi.

113 3137 198 3178 num.
231 3119 339 3191 Neque
356 3119 436 3174 enim
456 3120 592 3179 deseres,
605 3115 721 3189 'pietate
747 3132 888 3196 eversus,
909 3116 959 3186 qui
980 3124 1011 3171 te
1028 3116 1161 3174 deseruit

114 3215 268 3287 impietate
294 3213 478 3269 subversusz
507 3228 569 3267 non
592 3219 623 3266 te
639 3210 771 3279 cruciet,
794 3210 877 3282 quod
895 3209 1067 3266 scandulum
1085 3209 1162 3282 peti.

113 3310 206 3365 mini:
224 3307 300 3362 aiter
315 3307 438 3362 alterius
457 3320 550 3361 onere
568 3313 690 3374 portare
709 3306 826 3373 vuenti,
848 3302 1006 3375 baptisati,
1030 3303 1160 3359 ordinati

112 3416 236 3458 sumus:
265 3408 296 3455 et
314 3399 473 3457 inhonesta
491 3410 596 3454 nostre
615 3397 830 3453 abundantiore
853 3398 973 3454 honore
991 3397 1161 3453 circumda.

111 3511 192 3552 mne.
227 3494 315 3557 uires
334 3492 401 3560 nui
423 3493 470 3552 ses
491 3492 594 3552 sutus
615 3486 813 3560 &dissuadet
827 3488 908 3558 icum
931 3491 1073 3562 quonism
1092 3489 1160 3545 tatis

113 3591 256 3646 Christus
272 3587 361 3644 nobis
375 3588 443 3651 init,
463 3596 519 3654 est.
538 3588 596 3642 erit
613 3586 644 3642 in
659 3595 815 3652 ueternum,
832 3583 913 3641 sieut
928 3584 1076 3657 scriptum
1095 3591 1157 3640 est:

111 3693 145 3740 tu
163 3701 195 3742 er
211 3681 354 3741 sacerdus
371 3681 404 3738 iu
422 3688 574 3737 eternum.
657 3689 664 3700 ’

167 3888 195 3937 ⁸)
209 3884 270 3935 &¹⁸⁸
282 3880 401 3935 (eunius
412 3879 521 3933 &uvidi
534 3879 638 3928 ittittit:
652 3880 736 3927 Tener
749 3875 935 3935 suppliesdusis
946 3872 1116 3933 Pueriliter:
1132 3868 1159 3918 itt

112 3965 144 4012 T·
157 3965 190 4012 ¹¹-
216 3964 410 4021 Paenuleum.
427 3975 451 4018 r·
464 3961 506 4005 1⁹⁶
521 3972 575 4018 ru..
590 3957 709 4013 diuitum
732 3955 836 4009 &uitii
861 3955 906 4003 ute
920 3954 957 4001 ste
970 3955 1033 4012 epp.
1047 3954 1160 4000 numero·

112 4058 168 4092 rstn
184 4043 301 4090 virorum.
316 4042 374 4096 uisi.
392 4043 438 4091 uo.
452 4040 522 4087 xxi.
