2574 4732
592 332 685 402 1519.
1098 334 1160 402 267

130 506 136 516 ·
178 488 322 546 ⁴becuudo
347 504 486 545 errorem
513 488 631 559 dicitis,
655 487 738 564 quod
754 487 842 546 Dent
863 489 960 566 scripit
988 506 1010 547 n
1034 491 1167 566 quolibet

118 581 295 641 Christiano
312 598 465 639 nmmum
482 580 700 652 perfectionem
717 591 746 639 et
768 590 863 641 totum
880 585 1094 662 Euangeliou.

184 678 323 735 Primum
340 693 444 750 quero
471 675 508 732 nb
535 677 641 746 insigni
666 687 767 735 vestra
792 679 966 751 prudentie,
995 684 1105 753 quibus
1126 685 1167 741 sit

112 771 312 843 Evrngelium
331 775 451 840 datum,
478 771 625 843 lepidibus
644 789 680 827 su
699 774 807 844 lignis?
833 773 861 828 Si
886 774 1077 834 hominibus:
1107 795 1166 836 cur

112 883 188 936 ergo
212 882 274 921 non
294 875 438 922 tenentur
465 875 613 938 praecepte
637 865 697 922 Dei
726 877 846 932 tenere,
880 868 999 940 quando
1026 870 1167 930 Christus

113 959 207 1025 dicit,
235 977 273 1015 ne
293 976 386 1015 unum
404 961 471 1030 jots
490 961 734 1031 preteritarum?
758 961 860 1017 Doleo
889 962 969 1017 miro
992 965 1083 1021 modo
1109 983 1166 1023 vos

113 1054 354 1111 inconsutilistss
368 1064 400 1109 et
416 1053 597 1110 tunicsstros
616 1053 661 1109 sic
682 1056 838 1126 desipere,
864 1065 897 1110 ut
917 1057 1049 1125 negetis,
1066 1046 1168 1115 bomiss

114 1160 169 1203 nes
191 1163 257 1204 esse
278 1147 432 1203 debitores
450 1148 604 1202 servanda
618 1147 781 1204 voluntstis
804 1161 834 1204 st
854 1156 1076 1222 praeceptorum
1095 1150 1169 1212 Dei.

114 1241 156 1298 Et
178 1257 259 1298 nnnc
279 1243 400 1298 demum
417 1241 612 1297 dubitandum
629 1258 663 1297 sc
678 1243 889 1316 disputandum
906 1245 963 1313 sit,
984 1260 1019 1299 sn
1041 1245 1169 1303 obedire

116 1346 258 1410 oportent
279 1337 462 1409 precipienti
483 1336 576 1392 Deo?
600 1335 629 1393 0
649 1337 746 1393 furor.
781 1339 877 1408 Igitur
896 1355 1003 1395 omues
1021 1339 1170 1398 debemus

115 1437 215 1486 totum
235 1429 432 1500 Evangelium
457 1437 488 1485 et
511 1430 610 1486 omnin
633 1441 794 1502 precepta:
814 1433 867 1489 scd
889 1432 1038 1505 quianon
1059 1449 1168 1505 posen.

115 1539 201 1594 mus,
226 1526 294 1581 ideo
317 1541 420 1581 sumus
443 1534 640 1595 peccatores,
668 1537 699 1582 et
720 1527 870 1583 currimus
889 1528 925 1582 sd
944 1527 1089 1584 thronum
1111 1528 1170 1585 mi·

115 1621 287 1677 sericordiss
303 1620 374 1675 Del.
394 1619 482 1676 ‚lisso
504 1627 551 1675 est
569 1619 604 1673 B.
620 1619 780 1687 Augustini
795 1621 941 1675 sementia
955 1620 985 1675 in
1006 1629 1069 1676 tote
1083 1631 1169 1693 perte

86 1736 88 1738 ’
115 1725 233 1771 octava.
269 1713 331 1769 Vos
348 1722 448 1769 sutem
466 1714 606 1769 homines
628 1728 644 1766 s
667 1713 875 1770 misericordis
895 1713 1014 1770 trahitis
1037 1716 1073 1770 ed
1088 1716 1170 1786 judi.

114 1808 206 1878 mum,
224 1808 296 1863 dum
313 1823 375 1862 non
394 1806 492 1862 sinitis
511 1823 564 1862 eos
582 1822 650 1864 sese
668 1822 832 1875 agnoscere
850 1815 1028 1880 peccatores
1048 1819 1078 1863 st
1093 1827 1169 1881 pra.

117 1910 279 1973 ceptorum
296 1901 357 1955 Dei
376 1899 541 1956 debitores.
631 1892 633 1897 ’

184 1995 295 2050 Tertio
319 1994 401 2068 quod
421 1993 508 2050 nulla
529 2000 602 2049 sunt
625 1992 773 2058 consilio,
801 1993 860 2050 sed
880 1995 984 2050 omnic
1007 1995 1172 2071 Euenqelii

114 2095 185 2145 sunt
208 2094 375 2160 precepto.
410 2088 616 2144 Huc-insidis
636 2098 667 2143 et
689 2088 821 2159 nequitis
842 2099 943 2146 vestra
966 2090 1089 2146 mentita
1113 2097 1170 2149 est.

114 2180 160 2239 lili
190 2185 269 2239 enim
294 2183 339 2239 sic
365 2183 524 2240 dixerunt:
555 2193 703 2254 precepta
735 2194 806 2238 suut
833 2183 913 2238 ultra
947 2183 1097 2252 consilis..
1122 2196 1169 2243 et:

113 2287 261 2350 prnceptn
279 2287 349 2334 sunt
370 2279 436 2350 plus
458 2293 546 2348 quem
565 2277 702 2335 consilis.
747 2276 825 2351 Quis
847 2279 972 2335 consilia
1000 2290 1171 2351 suntquis.

113 2371 180 2426 dam
198 2372 313 2441 medin,
332 2371 442 2442 quibus
464 2371 579 2427 lucillus
594 2371 757 2443 implentur
779 2383 948 2446 precepta,
972 2383 1007 2428 ut
1030 2374 1116 2441 virgo
1139 2381 1170 2428 et

114 2465 201 2520 vidus
215 2477 265 2522 sut
284 2464 393 2521 caelebs
412 2465 528 2521 facilius
545 2477 647 2521 servat
662 2475 867 2538 preceptum:
885 2484 946 2522 non
964 2467 1168 2536 concupisces,
1248 2521 1250 2524 ,

116 2573 205 2628 quam
223 2560 420 2630 conjugatus,
438 2561 496 2630 quil
508 2561 758 2630 concupiscentie
777 2561 877 2631 aliquo
898 2561 991 2615 modo
1007 2560 1098 2616 cedit.

184 2649 303 2725 Quarto
322 2651 404 2723 quod
419 2667 548 2707 canones
567 2653 673 2707 docent
692 2652 850 2708 hexuriom
860 2693 870 2721 ,
898 2653 1089 2712 avaritiam,
1120 2667 1171 2707 sn.

112 2739 271 2813 perdictis,
304 2752 333 2797 et
349 2743 514 2816 quodsum
532 2745 683 2799 contrarii
701 2746 871 2815 Scripturis
887 2746 998 2801 socr-is.
1046 2745 1089 2800 Et
1106 2744 1168 2800 hoc

117 2836 285 2895 Levisthun
311 2847 413 2893 vester
431 2839 485 2892 sic
512 2839 623 2894 eddidit
647 2848 678 2892 et
698 2839 854 2909 pervertit.
880 2836 964 2894 Nihil
985 2839 1065 2893 enim
1087 2846 1171 2893 recte

118 2933 228 3004 accipit
249 2931 387 3002 unquem'
401 2931 521 2987 invidis.
558 2931 604 2987 llli
627 2932 786 2997 dixerunt,
812 2933 894 3003 quod
912 2947 1043 2987 canones
1063 2941 1093 2987 et
1117 2933 1169 2987 de.

117 3026 244 3081 cretsles
267 3027 350 3081 olent
369 3042 423 3082 seu
442 3026 559 3097 sepiunt
578 3025 735 3097 aliquando
754 3025 927 3098 superbiam
946 3037 976 3082 et
996 3027 1170 3098 auritium,

115 3120 179 3176 boo
201 3128 266 3188 est,
286 3121 366 3191 quod
390 3122 428 3188 ii,
447 3120 497 3190 qui
519 3129 704 3182 statuerunt,
725 3120 884 3192 aliquando
902 3122 1081 3192 quesierunt
1104 3138 1170 3193 qun

117 3229 170 3268 sna
190 3225 275 3278 suut,
295 3215 360 3286 plus
377 3229 466 3285 quem
486 3213 674 3268 charitatem.
710 3213 778 3269 Hoc
796 3231 852 3270 vos
874 3214 973 3271 dicitis
990 3216 1102 3272 docere
1120 3231 1172 3272 su.

118 3308 262 3380 perbism.
298 3309 387 3377 Rogo
408 3324 487 3363 vos:
514 3320 575 3362 non
594 3317 694 3378 potest
713 3309 862 3380 superbus
884 3320 914 3365 et
936 3326 1042 3366 avarus
1063 3310 1172 3383 prodi.

117 3417 187 3477 cere
211 3403 392 3471 veritatem,
428 3410 459 3457 et
487 3412 586 3457 temen
612 3403 657 3458 sic
683 3403 871 3474 praedicando
900 3400 1017 3473 olere,'
1034 3421 1170 3477 querere

115 3496 256 3553 lucrum?
274 3496 357 3552 Sicut
374 3512 430 3552 vos
449 3497 479 3551 in
498 3494 556 3551 huc
573 3496 734 3565 schedula,
758 3499 847 3553 etism
867 3498 892 3555 si
912 3514 983 3555 vern
999 3499 1171 3562 dixissetis,

116 3598 217 3645 temen
240 3590 404 3646 fraternam
431 3591 572 3647 invidiam
599 3598 630 3646 et
648 3591 791 3647 asininum
809 3593 959 3649 inscitiam
984 3594 1102 3651 olerent
1120 3608 1174 3648 ve.

116 3693 178 3740 stis
195 3684 297 3740 verbs.
334 3685 453 3740 Deinde
472 3686 533 3743 hoc
552 3701 658 3742 verum
677 3696 742 3756 est,
763 3687 845 3759 qnod
862 3702 993 3757 conones
1008 3684 1172 3758 sepissime

118 3777 282 3836 abutuntur
307 3782 488 3853 scripturis,
520 3792 550 3838 et
576 3793 657 3840 torte
683 3791 839 3855 exponunt
863 3783 894 3838 in
917 3782 1006 3838 assum
1032 3793 1173 3848 sensum,

122 3887 211 3941 quem
233 3888 289 3929 suo
310 3875 381 3931 loco
401 3875 525 3932 babent.

186 3964 226 4020 Et
247 3968 317 4038 quid
336 3971 399 4024 boc
415 3970 541 4028 mirum?
559 3968 670 4028 Nonne
685 3984 717 4029 et
735 3987 791 4029 vos
808 3971 941 4028 tunicam
960 3965 1174 4025 inconsutilem
1195 3990 1206 4016 e

120 4066 150 4112 et
172 4057 317 4116 Ecclesiae
340 4063 486 4120 unitatem
511 4063 563 4121 bic
585 4066 744 4136 accepistis
764 4068 795 4125 in
822 4064 1007 4122 contrarium
1027 4065 1174 4119 sensum?
