2574 4732
178 290 237 361 186
654 289 743 357 1518.

172 453 305 510 Possum
325 447 492 505 levioribus
508 448 649 521 expensis
667 450 771 505 doceri
787 446 895 507 absens
912 463 966 522 per
979 449 1099 520 literas,
1124 466 1215 524 quam
1268 500 1271 504 .

173 546 258 618 perdi
276 559 330 615 per
348 544 467 599 insidias
484 525 625 613 prasius.

251 637 351 692 Unum
378 654 434 705 ego
459 636 564 692 intimo
585 637 680 692 corde
698 636 810 703 doleo,
835 638 916 708 quod
937 637 1030 694 literis
1046 639 1108 695 suis
1128 656 1216 695 reve.

172 733 368 789 rendissirnus
391 731 541 786 Dominus
558 729 690 800 Legatus
708 730 831 803 oblique
848 732 969 788 mordet
986 732 1215 788 illustrissimam

172 826 420 885 Domiuationem
438 835 540 892 tuam,
562 825 647 896 quasi
663 822 771 880 fiducia
792 828 933 896 potentiae
951 825 1138 882 celsitudinis
1156 835 1215 882 tuae

172 922 282 979 moliar
299 921 354 976 ista
370 917 481 975 omnia.
517 918 565 973 Sic
583 918 707 973 enimet
723 919 798 990 apud
815 935 872 974 nos
890 921 1009 991 quidam
1025 919 1216 992 sycophantae

169 1016 383 1088 jactaverunt,
413 1021 471 1066 tuas
497 1010 688 1066 Celsitudinis
717 1012 843 1068 hortatu
869 1014 1055 1069 eticonstllo
1080 1030 1128 1068 me
1159 1015 1216 1069 ista

174 1110 358 1181 disputasse:
382 1122 453 1159 cum
472 1103 562 1172 huius
584 1103 792 1174 disputationis
812 1107 911 1160 nullus
933 1107 1023 1162 etiam
1042 1107 1217 1163 intimorum

174 1203 342 1258 amicorum
374 1198 464 1254 suerit
492 1198 658 1264 conscius,
686 1199 744 1253 uisi
775 1200 1042 1256 reverendissimus
1066 1201 1218 1256 Dominus

172 1293 430 1364 Archicpiscopus
454 1290 748 1360 Magdeburgensis,
788 1299 819 1346 et
841 1291 998 1361 Dominus,
1018 1294 1218 1364 Hieronymus

172 1387 342 1459 Episcopus
367 1384 672 1454 Brandeuburgeusis.
725 1385 790 1442 llos
818 1386 927 1455 enim,
967 1387 1047 1442 sicut
1076 1389 1220 1443 intererat

173 1496 281 1537 eorum
300 1480 356 1535 ista
371 1490 508 1536 monstra
527 1477 708 1549 prohibere,
731 1479 771 1534 ita
792 1479 915 1550 privatis
931 1480 1043 1550 literis,
1060 1486 1221 1552 antequam

174 1575 407 1647 disputationem
431 1575 578 1641 ederem,
608 1572 762 1629 humiliter
784 1585 815 1630 ct
838 1582 1014 1628 reverenter
1036 1576 1160 1640 monui,
1184 1583 1220 1630 ut

174 1685 267 1741 super
292 1685 366 1725 oves
395 1669 508 1724 Christi
538 1668 696 1738 vigilarent
724 1668 867 1724 adversus
893 1668 980 1739 lupos
1012 1667 1097 1722 istos.
1136 1668 1220 1723 Bene

174 1763 308 1819 sciebam
329 1765 394 1819 haec
415 1780 476 1819 non
494 1764 531 1819 ad
551 1763 701 1835 principes
719 1762 829 1830 laicos,
847 1762 900 1818 sed
919 1763 1076 1833 episcopos
1090 1761 1221 1832 primum

174 1859 348 1915 referenda:
367 1867 451 1913 extat
469 1859 594 1931 epistola
612 1874 694 1923 mea,
712 1857 878 1912 multorum
894 1855 924 1910 in
940 1870 1045 1910 manus
1063 1855 1222 1916 devoluta,

174 1951 287 2008 horum
306 1953 440 2007 omnium
460 1953 555 2007 testis.
591 1951 651 2007 Ista
669 1967 726 2019 ego
743 1951 813 2007 leci.

244 2045 301 2100 Sed
323 2045 405 2114 «guod
428 2060 507 2098 nunc
523 2043 614 2097 vellet
633 2044 902 2098 reverendissimus
922 2042 1074 2099 Dominus
1093 2042 1223 2112 Legatus

175 2145 234 2191 tuae
254 2137 461 2192 illustrissimae
477 2135 685 2190 Dominationi
707 2135 857 2190 maculam
881 2135 1002 2191 inurere
1020 2137 1137 2205 totique
1158 2152 1226 2192 san.

174 2230 255 2298 guini
272 2229 380 2283 domus
404 2228 578 2296 Saxonicaa,
596 2227 675 2282 etin
698 2226 839 2281 invidiam
859 2228 968 2303 summi
990 2226 1146 2282 Pontifieia
1168 2244 1223 2279 vo.

175 2337 263 2377 care:
282 2321 357 2375 adeo
374 2320 514 2375 homines
531 2319 622 2374 hodie
645 2320 772 2375 credunt
793 2320 947 2375 Christum
970 2335 1037 2374 esse
1054 2319 1222 2388 sepultum,

177 2415 261 2486 quasi
277 2431 337 2469 nen
355 2423 386 2468 et
404 2429 483 2467 nunc
500 2429 553 2484 per
571 2401 682 2467 asinam
696 2413 777 2484 loqui
794 2413 888 2482 possit
898 2450 908 2478 ,
928 2420 958 2465 et
977 2412 1132 2484 Apostolis
1151 2428 1223 2482 apo.

176 2509 351 2580 stolicisquc
371 2508 444 2562 viris
464 2507 632 2561 tacentibus
650 2523 703 2578 per
720 2506 798 2575 ligna
815 2506 987 2577 lapidesque
1005 2507 1146 2562 clamare.

245 2603 360 2659 Verum
379 2610 470 2674 opto,
490 2618 567 2670 oro,
586 2603 695 2673 cupio,
714 2610 747 2655 ut
768 2600 967 2656 illustrissima
981 2609 1031 2654 tua
1046 2601 1224 2656 Domiuatio

177 2701 207 2755 in
237 2697 376 2754 omnibus
404 2695 553 2752 adhaereat
575 2695 720 2750 Ecclesiae
754 2706 785 2750 et
814 2710 934 2749 summo
963 2695 1121 2761 Pontifici,
1150 2696 1224 2751 mihi

177 2811 252 2850 vero
270 2797 300 2848 in
321 2792 460 2848 omnibus
475 2791 668 2845 adversetur:
687 2789 742 2844 nisi
762 2789 791 2843 id
809 2805 903 2843 unum
919 2805 975 2860 pro
994 2805 1042 2844 me
1064 2789 1147 2857 (imo
1170 2807 1225 2861 pro

179 2875 282 2946 sancta
300 2889 443 2953 veritate,
462 2903 518 2957 pro
534 2884 678 2940 Ecclesiae
700 2892 730 2938 et
749 2900 805 2953 pro
825 2884 934 2938 summi
952 2881 1126 2950 Pontificis,
1145 2885 1226 2938 deni.

178 2998 238 3054 que
257 2999 314 3054 pro
334 2983 426 3052 ipsius
448 2979 689 3035 reverendissimi
711 2977 836 3032 Domini
857 2976 960 3044 Legati
982 2977 1119 3043 honore,
1145 2978 1227 3030 deni.

179 3092 238 3146 que
260 3093 316 3145 pro
331 3075 480 3129 illustriss.
499 3085 557 3128 tuae
572 3072 795 3128 Dominationis
811 3071 888 3124 fama
907 3072 1048 3141 quoque)
1067 3063 1227 3142 supplicet,

179 3181 213 3222 ut
231 3169 362 3222 rationes
383 3178 414 3222 et
437 3168 612 3222 autoritates
636 3175 795 3237 appareant
815 3163 992 3233 aliquando,
1011 3163 1119 3235 quibus
1140 3181 1228 3218 error

178 3277 264 3316 meus
285 3262 423 3315 convinci
445 3269 578 3332 putatur.
620 3260 700 3314 Nam
719 3259 783 3312 sine
803 3257 917 3311 hieme
938 3257 1102 3318 damnare,
1130 3275 1227 3328 neque

179 3365 237 3408 tuae
264 3354 471 3410 illustrissima
489 3353 698 3409 Dominationi
718 3365 815 3420 neque
833 3365 951 3405 summo
973 3349 1111 3405 Pontifici
1130 3369 1228 3423 neque

178 3446 323 3503 Ecclesiae
344 3463 442 3517 neque
462 3447 713 3503 reverendissimo
732 3444 868 3501 Domino
892 3443 1007 3511 Legato
1026 3444 1229 3500 honorificum

180 3541 281 3596 suerit.
328 3539 440 3594 Vivunt
464 3539 587 3608 fideles,
615 3541 689 3596 vivit
713 3534 873 3607 Christus,
900 3539 1005 3594 vivunt
1023 3539 1070 3593 vel
1088 3538 1228 3595 homines

181 3645 283 3700 certe,
302 3635 351 3704 qui
367 3634 515 3703 judicent.

250 3728 341 3798 Quod
363 3745 437 3782 vero
460 3727 728 3784 reverendissimus
746 3727 898 3784 Dominus
922 3727 1053 3797 Legatos
1077 3727 1228 3785 illustriss.
1275 3727 1282 3743 '

182 3835 266 3880 tuam
281 3822 529 3877 Dominatinnem
544 3822 701 3891 admonet,
719 3832 753 3877 ut
774 3823 829 3878 nisi
854 3824 884 3878 in
905 3822 1011 3878 urbem
1027 3838 1076 3879 me
1095 3823 1230 3890 miserit,

173 3919 229 3979 ,vel
255 3918 378 3990 ejecerit
403 3934 419 3971 c
449 3916 622 3985 regionibus
649 3917 730 3986 suis,
758 3916 863 3973 Romae
894 3934 1013 3973 causam
1038 3919 1230 3988 prosecuturi

182 3998 241 4070 sint
256 4024 333 4072 etc:
353 4011 518 4068 inexilium
537 4013 653 4067 irenen
667 4028 847 4084 magnopere
868 4011 979 4080 abnuo,
1000 4021 1032 4067 ut
1045 4011 1091 4067 cui
1101 4014 1232 4082 undique
