2574 4732
183 309 241 380 trs
640 272 748 376 'tsts

180 485 243 526 non
266 467 337 524 satis
360 466 460 522 valere
483 475 591 523 contra
611 480 711 524 meam
733 467 981 538 conclusionem,
1000 467 1132 524 maxime
1152 484 1224 522 cum

179 570 320 632 torqueat
350 561 381 615 in
406 562 536 616 alienum
565 577 686 617 sensum
716 562 904 633 Scripturas,
945 570 976 617 et
1001 559 1139 616 abutatur
1168 563 1223 616 eis·

178 656 248 710 Hoc
265 653 415 724 verbum,
431 664 575 727 torquere
595 664 643 722 et,
661 654 762 726 abuti,
778 656 854 711 mire
873 656 1034 728 torquebat
1055 655 1222 722 hominem,

179 759 209 804 et
235 748 334 803 adhuc
356 758 499 820 torquet,
524 758 558 804 ut
581 750 712 804 indicant
736 750 829 805 literae
851 750 925 820 ejus.
967 750 1069 805 Voluit
1091 751 1170 804 enim
1192 763 1221 802 ot

177 843 242 898 vult
262 841 356 897 verba
374 840 501 897 humana
526 842 683 898 Pontlfiois
703 844 879 914 simpliciter
901 845 994 915 accipi
1002 830 1096 913 ,ἰιοιι
1119 843 1220 898 habitu

175 937 309 1002 ratione,
328 954 364 991 an
382 937 571 993 consentiant
588 953 659 991 cum
676 935 857 1007 scripturis,
875 955 931 992 nec
951 956 999 992 ne.

245 1030 373 1099 Verum,
392 1031 505 1100 optime
523 1029 687 1100 Princeps,
705 1031 859 1101 permittat
879 1031 1034 1086 Celsitudo
1053 1040 1120 1099 tna,
1138 1042 1171 1085 ut
1190 1041 1219 1087 et

176 1141 232 1194 ego
250 1133 391 1195 tanquam
412 1139 517 1178 coram
538 1121 615 1177 laico
634 1123 713 1176 hanc
733 1139 799 1176 rem
817 1134 963 1192 tractem,
982 1125 1012 1180 id
1035 1134 1098 1192 est,
1118 1141 1218 1180 crasse

176 1227 208 1273 et
226 1226 338 1289 aperte.
372 1214 451 1270 Volo
467 1214 587 1269 interim
605 1214 744 1269 oblivisci
765 1216 946 1271 acerrimum
966 1218 1055 1285 illud,
1075 1227 1106 1272 et
1124 1219 1220 1273 omni.

175 1312 233 1367 bns
252 1309 434 1365 doctissimis
457 1324 579 1378 quoque
598 1303 787 1363 formidabile
801 1308 968 1377 judicium,
994 1327 1057 1380 quo
1071 1311 1159 1366 Deus
1176 1313 1219 1365 in.

174 1403 294 1474 signivit
321 1419 382 1472 prae
412 1401 572 1463 omnibus,
604 1419 682 1473 quos
712 1411 815 1455 nostra
851 1403 924 1458 vidit
952 1412 1038 1470 atas,
1068 1404 1219 1472 ingenium

172 1496 323 1568 Principis
338 1496 493 1554 Friderici.
528 1494 610 1551 Dico
629 1497 744 1567 itaquo,
767 1511 828 1567 non
848 1511 914 1551 esse
931 1512 1034 1550 rarum
1054 1507 1143 1567 atque
1162 1516 1219 1553 no.

174 1608 263 1656 vum,
292 1591 461 1663 Scripturas
480 1600 599 1646 sanctas
618 1606 635 1643 a
653 1568 850 1646 Pontifi'cibus
869 1600 898 1643 et
914 1586 1091 1644 dootoribns
1105 1593 1216 1645 sanctis

173 1685 268 1741 fuisse
291 1693 388 1741 tortus
408 1697 438 1738 et
456 1684 488 1738 in
504 1683 633 1738 alienum
650 1696 770 1738 sensum
790 1682 904 1738 ductas.
940 1683 1032 1757 Quod
1055 1700 1092 1737 ne
1112 1684 1215 1738 multis

171 1795 275 1848 agam,
293 1780 382 1835 etlam
400 1793 504 1834 crasso
522 1779 632 1849 cuique
650 1775 783 1833 bubulco
802 1778 915 1832 clarum
935 1777 1058 1846 faciam,
1084 1795 1143 1832 nno
1161 1794 1216 1832 ex.

172 1883 217 1927 tra
235 1872 427 1943 propositum
447 1872 504 1937 (nt
521 1870 655 1951 vocant)
675 1872 815 1942 exemplo
835 1873 975 1927 adducto.

238 1965 324 2019 Dicit
343 1964 516 2019 Decretalis
533 1965 684 2036 quasdam,
704 1965 740 2018 de
755 1965 1041 2020 constitutionibus:
1070 1966 1214 2020 translato

167 2057 357 2126 sacerdotio,
382 2066 589 2123 necessust,
616 2066 650 2111 ut
666 2056 739 2126 legis
758 2056 808 2111 liat
828 2058 992 2113 translatio.
1028 2058 1099 2113 Haee
1121 2059 1213 2113 verba

166 2149 307 2220 Apostoli
330 2158 400 2205 sunt
419 2150 495 2221 apud
513 2149 641 2205 Ebrasos
655 2165 720 2219 cap.
742 2149 809 2204 VII.
827 2150 962 2204 docentis
981 2152 1146 2221 temporale
1166 2169 1213 2206 sa.

166 2241 338 2297 cerdotium
361 2250 393 2296 et
420 2243 517 2312 legem
540 2241 683 2308 abrogata
709 2248 740 2294 et
761 2240 859 2307 linita,
891 2243 1072 2297 succedente
1096 2253 1209 2297 aeterno

164 2314 337 2391 sacerdotio
367 2334 490 2392 Christi.
535 2333 606 2388 Hane
630 2341 677 2388 est
701 2332 823 2403 propriu
850 2340 880 2387 et
908 2334 1035 2401 genuina
1063 2336 1210 2389 sententia

165 2428 333 2483 verborum
350 2428 499 2500 Apostoli.

231 2523 274 2576 At
298 2523 327 2577 in
351 2520 506 2577 Decretali
532 2527 579 2573 est
603 2519 659 2573 ista
680 2518 845 2575 sententia:
871 2520 1074 2577 sacerdotium
1093 2521 1207 2578 Christi

162 2624 209 2672 est
225 2617 400 2672 translatum
415 2616 446 2670 iu
463 2612 492 2667 S.
510 2612 653 2668 Petrum:
672 2614 716 2666 sie
737 2613 815 2667 enirn
827 2613 945 2683 juristae
961 2615 1207 2686 interpretantur.

160 2709 239 2780 Quis
257 2726 318 2764 nou
337 2708 419 2763 videt
435 2706 559 2761 alienam
576 2721 642 2760 esse
660 2706 739 2760 hanc
758 2707 1003 2777 intelligentiam,
1028 2721 1058 2765 et
1082 2727 1206 2781 prorsus

159 2803 276 2870 talem,
310 2816 376 2872 qum
395 2799 452 2855 nisi
480 2799 577 2854 multo
599 2799 710 2854 sudore
732 2802 929 2870 moderetur,
965 2803 1004 2858 sit
1032 2805 1205 2876 impiissima

159 2896 304 2951 omnium.
340 2894 552 2965 lmpiissimnm
572 2895 651 2949 enim
669 2902 715 2948 est
731 2896 849 2964 dicere,
869 2897 1070 2952 sacerdotium
1091 2898 1204 2953 Christi

159 2999 302 3045 aeternum
325 3004 392 3044 esse
414 2989 610 3054 translatum,
636 2987 744 3048 idest,
775 2991 953 3058 abrogatum
972 3003 1002 3044 et
1024 2991 1154 3046 linitum:
1174 3003 1205 3046 et

156 3080 254 3147 legem
271 3082 335 3147 ejus
354 3092 495 3136 aeternam
510 3097 577 3136 esse
597 3080 770 3150 abrogatam
789 3092 819 3135 et
837 3083 1025 3149 translatam,
1044 3095 1077 3137 ut
1094 3084 1203 3141 Petrus

156 3173 196 3230 sit
217 3175 361 3229 sacerdos
375 3187 405 3227 et
424 3176 576 3243 legislator
595 3188 697 3230 amoto
716 3173 851 3229 Christo.

221 3265 305 3322 Nolo
332 3266 456 3323 Petrum
479 3278 530 3322 ant
549 3268 676 3324 Paulum
695 3266 808 3321 habere
826 3267 1033 3335 sacerdotem,
1059 3272 1201 3340 quoniam

154 3365 185 3412 el
198 3359 261 3429 ipsc
279 3375 424 3428 peccator
439 3373 502 3428 est,
521 3379 582 3416 non
599 3362 730 3426 habens,
750 3360 830 3429 qnod
849 3375 946 3428 rreqne
963 3376 1018 3427 pro
1034 3378 1084 3427 sc,
1102 3379 1207 3432 neque·

153 3452 233 3521 qnod
259 3467 315 3521 pro
338 3466 388 3503 me
419 3453 550 3509 offerat:
581 3466 615 3508 nt
639 3454 760 3515 interim
784 3462 916 3520 taceam,
941 3455 1021 3523 quod
1047 3455 1075 3508 in
1098 3457 1198 3510 solnm

151 3542 278 3600 Petrum
302 3559 318 3596 a
342 3543 466 3600 Christo
484 3548 661 3602 translatum
678 3547 804 3600 dicitur:
834 3549 917 3615 qnasi
938 3548 1038 3600 caeteri
1058 3550 1196 3617 Apostoli

150 3638 218 3694 laici
230 3639 444 3702 remanserint,
460 3651 511 3694 ant
526 3656 542 3692 a
555 3642 582 3693 S.
598 3641 694 3695 Petro
709 3640 738 3691 in
751 3638 918 3706 Apostolos
934 3641 1060 3693 ordinati
1075 3642 1197 3697 fuerint.

152 3730 276 3804 Quanto
296 3731 411 3786 rectius
421 3747 506 3800 ,ergo
523 3748 584 3785 non
602 3732 826 3794 sacerdotium,
846 3734 898 3787 sed
919 3733 1114 3788 ministerium
1133 3745 1196 3790 tan.

150 3832 216 3880 tum
240 3826 400 3882 sacerdotii
427 3825 457 3879 in
488 3824 614 3880 Petrum
639 3825 771 3894 positum
796 3826 1028 3896 intelligeretur,
1063 3837 1113 3882 aut
1137 3830 1194 3884 alio

150 3935 333 3993 quocunque
351 3936 461 3983 sensu,
480 3920 531 3991 qui
549 3919 672 3975 illosum
689 3921 844 3992 permittat
860 3936 1035 3990 germanum
1053 3923 1193 3994 Apostoli

147 4028 283 4070 sensum.
