<?xml version="1.0" encoding="UTF-8"?>
<!DOCTYPE html PUBLIC "-//W3C//DTD XHTML 1.0 Transitional//EN"
    "http://www.w3.org/TR/xhtml1/DTD/xhtml1-transitional.dtd">
<html xmlns="http://www.w3.org/1999/xhtml" xml:lang="en" lang="en">
 <head>
  <title>
</title>
<meta http-equiv="Content-Type" content="text/html;charset=utf-8" />
  <meta name='ocr-system' content='tesseract 3.04.00' />
  <meta name='ocr-capabilities' content='ocr_page ocr_carea ocr_par ocr_line ocrx_word'/>
</head>
<body>
  <div class='ocr_page' id='page_1' title='image "./briefesendschre04luthgoog/briefesendschre04luthgoog_0288.png"; bbox 0 0 2574 4732; ppageno 0'>
   <div class='ocr_carea' id='block_1_1' title="bbox 594 297 1162 386">
    <p class='ocr_par' dir='ltr' id='par_1_1' title="bbox 594 297 1162 386">
     <span class='ocr_line' id='line_1_1' title="bbox 594 297 1162 386; baseline 0.007 -6"><span class='ocrx_word' id='word_1_1' title='bbox 594 316 686 386; x_wconf 78' lang='lat' dir='ltr'>asts.</span> <span class='ocrx_word' id='word_1_2' title='bbox 817 297 830 329; x_wconf 82' lang='lat'>&#39;</span> <span class='ocrx_word' id='word_1_3' title='bbox 1100 320 1162 386; x_wconf 79' lang='lat' dir='ltr'>aar</span> 
     </span>
    </p>
   </div>
   <div class='ocr_carea' id='block_1_2' title="bbox 115 469 1167 731">
    <p class='ocr_par' dir='ltr' id='par_1_2' title="bbox 115 469 1167 731">
     <span class='ocr_line' id='line_1_2' title="bbox 115 469 1166 545; baseline 0.004 -17"><span class='ocrx_word' id='word_1_4' title='bbox 115 470 281 545; x_wconf 85' lang='lat' dir='ltr'>sophistis,</span> <span class='ocrx_word' id='word_1_5' title='bbox 306 469 605 544; x_wconf 80' lang='lat' dir='ltr'>compestilentibus</span> <span class='ocrx_word' id='word_1_6' title='bbox 627 471 757 529; x_wconf 78' lang='lat' dir='ltr'>Romani</span> <span class='ocrx_word' id='word_1_7' title='bbox 775 470 932 532; x_wconf 74' lang='lat' dir='ltr'>Pontificius</span> <span class='ocrx_word' id='word_1_8' title='bbox 956 480 986 531; x_wconf 84' lang='lat' dir='ltr'>et</span> <span class='ocrx_word' id='word_1_9' title='bbox 1009 474 1166 534; x_wconf 81' lang='lat' dir='ltr'>Romano.</span> 
     </span>
     <span class='ocr_line' id='line_1_3' title="bbox 115 563 1167 642; baseline 0.007 -21"><span class='ocrx_word' id='word_1_10' title='bbox 115 581 185 621; x_wconf 88' lang='lat' dir='ltr'>rum</span> <span class='ocrx_word' id='word_1_11' title='bbox 203 563 240 634; x_wconf 83' lang='lat' dir='ltr'>b)</span> <span class='ocrx_word' id='word_1_12' title='bbox 265 574 460 637; x_wconf 77' lang='lat' dir='ltr'>tyrannorum</span> <span class='ocrx_word' id='word_1_13' title='bbox 488 566 709 636; x_wconf 71' lang='lat' dir='ltr'><strong>adulatoribus,</strong></span> <span class='ocrx_word' id='word_1_14' title='bbox 734 573 852 623; x_wconf 88' lang='lat' dir='ltr'>aetatem</span> <span class='ocrx_word' id='word_1_15' title='bbox 871 583 1065 629; x_wconf 81' lang='lat' dir='ltr'>consumam:</span> <span class='ocrx_word' id='word_1_16' title='bbox 1095 588 1167 642; x_wconf 85' lang='lat' dir='ltr'>gau.</span> 
     </span>
     <span class='ocr_line' id='line_1_4' title="bbox 115 658 977 731; baseline 0.006 -16"><span class='ocrx_word' id='word_1_17' title='bbox 115 658 190 717; x_wconf 88' lang='lat' dir='ltr'>dena</span> <span class='ocrx_word' id='word_1_18' title='bbox 208 667 239 716; x_wconf 85' lang='lat' dir='ltr'>et</span> <span class='ocrx_word' id='word_1_19' title='bbox 255 660 361 717; x_wconf 83' lang='lat' dir='ltr'>videus</span> <span class='ocrx_word' id='word_1_20' title='bbox 380 659 551 731; x_wconf 73' lang='lat' dir='ltr'>posthabeo</span> <span class='ocrx_word' id='word_1_21' title='bbox 568 661 698 717; x_wconf 85' lang='lat' dir='ltr'>istorum</span> <span class='ocrx_word' id='word_1_22' title='bbox 715 676 783 716; x_wconf 87' lang='lat' dir='ltr'>mea</span> <span class='ocrx_word' id='word_1_23' title='bbox 800 661 878 717; x_wconf 88' lang='lat' dir='ltr'>aeria</span> <span class='ocrx_word' id='word_1_24' title='bbox 895 661 977 719; x_wconf 88' lang='lat' dir='ltr'>ludu.</span> 
     </span>
    </p>
   </div>
   <div class='ocr_carea' id='block_1_3' title="bbox 185 752 1272 835">
    <p class='ocr_par' dir='ltr' id='par_1_3' title="bbox 185 752 1272 835">
     <span class='ocr_line' id='line_1_5' title="bbox 185 752 1272 835; baseline 0.007 -27"><span class='ocrx_word' id='word_1_25' title='bbox 185 752 306 828; x_wconf 81' lang='lat' dir='ltr'>Quare,</span> <span class='ocrx_word' id='word_1_26' title='bbox 329 754 370 809; x_wconf 89' lang='lat' dir='ltr'>mi</span> <span class='ocrx_word' id='word_1_27' title='bbox 388 753 480 822; x_wconf 91' lang='lat' dir='ltr'>Ecci‚</span> <span class='ocrx_word' id='word_1_28' title='bbox 504 771 565 811; x_wconf 90' lang='lat' dir='ltr'>non</span> <span class='ocrx_word' id='word_1_29' title='bbox 582 754 691 811; x_wconf 90' lang='lat' dir='ltr'>damno</span> <span class='ocrx_word' id='word_1_30' title='bbox 710 765 741 811; x_wconf 88' lang='lat' dir='ltr'>te</span> <span class='ocrx_word' id='word_1_31' title='bbox 755 755 922 813; x_wconf 83' lang='lat' dir='ltr'>vanissimas</span> <span class='ocrx_word' id='word_1_32' title='bbox 936 756 1057 826; x_wconf 74' lang='lat' dir='ltr'>gloria,</span> <span class='ocrx_word' id='word_1_33' title='bbox 1084 758 1168 831; x_wconf 86' lang='lat' dir='ltr'>quod</span> <span class='ocrx_word' id='word_1_34' title='bbox 1269 829 1272 835; x_wconf 27' lang='grc' dir='ltr'>Ι</span> 
     </span>
    </p>
   </div>
   <div class='ocr_carea' id='block_1_4' title="bbox 114 845 1168 2329">
    <p class='ocr_par' dir='ltr' id='par_1_4' title="bbox 114 845 1167 1580">
     <span class='ocr_line' id='line_1_6' title="bbox 114 845 1167 933; baseline 0.007 -31"><span class='ocrx_word' id='word_1_35' title='bbox 114 845 195 903; x_wconf 88' lang='lat' dir='ltr'>hanc</span> <span class='ocrx_word' id='word_1_36' title='bbox 215 847 390 933; x_wconf 82' lang='lat' dir='ltr'>schedulam</span> <span class='ocrx_word' id='word_1_37' title='bbox 411 848 559 916; x_wconf 78' lang='lat' dir='ltr'>edideris,</span> <span class='ocrx_word' id='word_1_38' title='bbox 577 860 736 921; x_wconf 78' lang='lat' dir='ltr'>antequam</span> <span class='ocrx_word' id='word_1_39' title='bbox 756 860 976 912; x_wconf 71' lang='lat' dir='ltr'>corruamus,</span> <span class='ocrx_word' id='word_1_40' title='bbox 1003 853 1073 923; x_wconf 92' lang='lat' dir='ltr'>quid</span> <span class='ocrx_word' id='word_1_41' title='bbox 1093 852 1167 927; x_wconf 78' lang='lat' dir='ltr'>Lip-</span> 
     </span>
     <span class='ocr_line' id='line_1_7' title="bbox 114 939 1167 1017; baseline 0.009 -21"><span class='ocrx_word' id='word_1_42' title='bbox 114 955 219 1005; x_wconf 79' lang='lat' dir='ltr'>aenaea</span> <span class='ocrx_word' id='word_1_43' title='bbox 243 940 273 996; x_wconf 90' lang='lat' dir='ltr'>in</span> <span class='ocrx_word' id='word_1_44' title='bbox 296 939 354 996; x_wconf 89' lang='lat' dir='ltr'>hac</span> <span class='ocrx_word' id='word_1_45' title='bbox 379 957 412 996; x_wconf 93' lang='lat' dir='ltr'>re</span> <span class='ocrx_word' id='word_1_46' title='bbox 437 943 590 1000; x_wconf 81' lang='lat' dir='ltr'>facerent:</span> <span class='ocrx_word' id='word_1_47' title='bbox 616 944 679 999; x_wconf 91' lang='lat' dir='ltr'>imo</span> <span class='ocrx_word' id='word_1_48' title='bbox 701 953 866 1014; x_wconf 26' lang='lat' dir='ltr'>postquam,</span> <span class='ocrx_word' id='word_1_49' title='bbox 883 957 924 999; x_wconf 84' lang='lat' dir='ltr'>ex</span> <span class='ocrx_word' id='word_1_50' title='bbox 939 958 989 998; x_wconf 89' lang='lat' dir='ltr'>mo</span> <span class='ocrx_word' id='word_1_51' title='bbox 1008 961 1167 1017; x_wconf 82' lang='lat' dir='ltr'>acceperas</span> 
     </span>
     <span class='ocr_line' id='line_1_8' title="bbox 116 1035 1167 1108; baseline 0.008 -19"><span class='ocrx_word' id='word_1_52' title='bbox 116 1050 172 1090; x_wconf 88' lang='lat' dir='ltr'>eoa</span> <span class='ocrx_word' id='word_1_53' title='bbox 186 1035 309 1091; x_wconf 91' lang='lat' dir='ltr'>omuino</span> <span class='ocrx_word' id='word_1_54' title='bbox 327 1051 480 1105; x_wconf 89' lang='lat' dir='ltr'>recusare,</span> <span class='ocrx_word' id='word_1_55' title='bbox 499 1037 568 1108; x_wconf 90' lang='lat' dir='ltr'>quia</span> <span class='ocrx_word' id='word_1_56' title='bbox 583 1054 623 1093; x_wconf 89' lang='lat' dir='ltr'>ex</span> <span class='ocrx_word' id='word_1_57' title='bbox 638 1039 722 1094; x_wconf 80' lang='lat' dir='ltr'>fumo</span> <span class='ocrx_word' id='word_1_58' title='bbox 738 1039 855 1095; x_wconf 87' lang='lat' dir='ltr'>scilicet</span> <span class='ocrx_word' id='word_1_59' title='bbox 869 1047 950 1093; x_wconf 88' lang='lat' dir='ltr'>etex</span> <span class='ocrx_word' id='word_1_60' title='bbox 967 1038 1167 1108; x_wconf 84' lang='lat' dir='ltr'>disputatione</span> 
     </span>
     <span class='ocr_line' id='line_1_9' title="bbox 115 1130 1165 1204; baseline 0.005 -21"><span class='ocrx_word' id='word_1_61' title='bbox 115 1143 269 1200; x_wconf 86' lang='lat' dir='ltr'>uunquam</span> <span class='ocrx_word' id='word_1_62' title='bbox 295 1130 396 1186; x_wconf 80' lang='lat' dir='ltr'>futura</span> <span class='ocrx_word' id='word_1_63' title='bbox 425 1132 551 1203; x_wconf 84' lang='lat' dir='ltr'>sperasti</span> <span class='ocrx_word' id='word_1_64' title='bbox 577 1143 698 1204; x_wconf 88' lang='lat' dir='ltr'>captare</span> <span class='ocrx_word' id='word_1_65' title='bbox 726 1132 861 1202; x_wconf 81' lang='lat' dir='ltr'>gloriam.</span> <span class='ocrx_word' id='word_1_66' title='bbox 908 1130 981 1188; x_wconf 89' lang='lat' dir='ltr'>Nou</span> <span class='ocrx_word' id='word_1_67' title='bbox 1003 1132 1165 1203; x_wconf 75' lang='lat' dir='ltr'>criminor,</span> 
     </span>
     <span class='ocr_line' id='line_1_10' title="bbox 117 1221 1166 1296; baseline 0.008 -20"><span class='ocrx_word' id='word_1_68' title='bbox 117 1222 200 1293; x_wconf 89' lang='lat' dir='ltr'>quod</span> <span class='ocrx_word' id='word_1_69' title='bbox 216 1221 344 1280; x_wconf 85' lang='lat' dir='ltr'>subdole</span> <span class='ocrx_word' id='word_1_70' title='bbox 361 1234 393 1279; x_wconf 89' lang='lat' dir='ltr'>et</span> <span class='ocrx_word' id='word_1_71' title='bbox 410 1241 516 1295; x_wconf 87' lang='lat' dir='ltr'>parum</span> <span class='ocrx_word' id='word_1_72' title='bbox 539 1224 685 1288; x_wconf 81' lang='lat' dir='ltr'>humane,</span> <span class='ocrx_word' id='word_1_73' title='bbox 703 1228 814 1282; x_wconf 89' lang='lat' dir='ltr'>nedum</span> <span class='ocrx_word' id='word_1_74' title='bbox 835 1225 1010 1296; x_wconf 89' lang='lat' dir='ltr'>theologica</span> <span class='ocrx_word' id='word_1_75' title='bbox 1031 1222 1166 1284; x_wconf 84' lang='lat' dir='ltr'>Docto‘ri</span> 
     </span>
     <span class='ocr_line' id='line_1_11' title="bbox 118 1315 1167 1393; baseline 0.006 -22"><span class='ocrx_word' id='word_1_76' title='bbox 118 1315 327 1375; x_wconf 82' lang='lat' dir='ltr'>caroloaradio</span> <span class='ocrx_word' id='word_1_77' title='bbox 363 1319 473 1376; x_wconf 89' lang='lat' dir='ltr'>alienas</span> <span class='ocrx_word' id='word_1_78' title='bbox 503 1320 727 1393; x_wconf 72' lang='lat' dir='ltr'>propositiones</span> <span class='ocrx_word' id='word_1_79' title='bbox 763 1319 941 1390; x_wconf 83' lang='lat' dir='ltr'>objeceris:</span> <span class='ocrx_word' id='word_1_80' title='bbox 988 1335 1062 1393; x_wconf 88' lang='lat' dir='ltr'>quaa</span> <span class='ocrx_word' id='word_1_81' title='bbox 1093 1334 1167 1377; x_wconf 81' lang='grc' dir='ltr'><strong>οιιιιι</strong></span> 
     </span>
     <span class='ocr_line' id='line_1_12' title="bbox 116 1412 1165 1487; baseline 0.002 -20"><span class='ocrx_word' id='word_1_82' title='bbox 116 1413 242 1469; x_wconf 89' lang='lat' dir='ltr'>omuino</span> <span class='ocrx_word' id='word_1_83' title='bbox 255 1413 338 1470; x_wconf 82' lang='lat' dir='ltr'>ullum</span> <span class='ocrx_word' id='word_1_84' title='bbox 353 1429 413 1470; x_wconf 89' lang='lat' dir='ltr'>noa</span> <span class='ocrx_word' id='word_1_85' title='bbox 430 1425 644 1487; x_wconf 88' lang='lat' dir='ltr'>suscepturum</span> <span class='ocrx_word' id='word_1_86' title='bbox 667 1430 822 1487; x_wconf 82' lang='lat' dir='ltr'>sperares,</span> <span class='ocrx_word' id='word_1_87' title='bbox 840 1415 955 1471; x_wconf 82' lang='lat' dir='ltr'>iturum</span> <span class='ocrx_word' id='word_1_88' title='bbox 970 1414 1007 1469; x_wconf 91' lang='lat' dir='ltr'>ds</span> <span class='ocrx_word' id='word_1_89' title='bbox 1029 1414 1114 1470; x_wconf 78' lang='lat' dir='ltr'>sumo</span> <span class='ocrx_word' id='word_1_90' title='bbox 1133 1412 1165 1469; x_wconf 88' lang='lat' dir='ltr'>in</span> 
     </span>
     <span class='ocr_line' id='line_1_13' title="bbox 118 1494 832 1580; baseline 0.008 -19"><span class='ocrx_word' id='word_1_91' title='bbox 118 1514 233 1561; x_wconf 86' lang='lat' dir='ltr'>tantum</span> <span class='ocrx_word' id='word_1_92' title='bbox 250 1507 349 1564; x_wconf 85' lang='lat' dir='ltr'>virum</span> <span class='ocrx_word' id='word_1_93' title='bbox 368 1509 582 1580; x_wconf 88' lang='lat' dir='ltr'>triumphares.</span> <span class='ocrx_word' id='word_1_94' title='bbox 829 1494 832 1499; x_wconf 48' lang='grc'><strong>’</strong></span> 
     </span>
    </p>

    <p class='ocr_par' dir='ltr' id='par_1_5' title="bbox 117 1588 1168 2329">
     <span class='ocr_line' id='line_1_14' title="bbox 183 1588 1166 1676; baseline 0.002 -19"><span class='ocrx_word' id='word_1_95' title='bbox 183 1599 258 1657; x_wconf 88' lang='lat' dir='ltr'>Nun</span> <span class='ocrx_word' id='word_1_96' title='bbox 284 1617 418 1675; x_wconf 82' lang='lat' dir='ltr'>queror,</span> <span class='ocrx_word' id='word_1_97' title='bbox 448 1602 591 1674; x_wconf 86' lang='lat' dir='ltr'>quod·sd</span> <span class='ocrx_word' id='word_1_98' title='bbox 623 1602 824 1658; x_wconf 76' lang='lat' dir='ltr'>adulationem</span> <span class='ocrx_word' id='word_1_99' title='bbox 839 1588 1048 1659; x_wconf 67' lang='lat' dir='ltr'>&#39;loedissimam</span> <span class='ocrx_word' id='word_1_100' title='bbox 1075 1600 1166 1676; x_wconf 74' lang='lat' dir='ltr'>Pap·</span> 
     </span>
     <span class='ocr_line' id='line_1_15' title="bbox 117 1693 1165 1767; baseline 0.003 -18"><span class='ocrx_word' id='word_1_101' title='bbox 117 1711 236 1764; x_wconf 83' lang='lat' dir='ltr'>versus,</span> <span class='ocrx_word' id='word_1_102' title='bbox 253 1711 303 1751; x_wconf 91' lang='lat' dir='ltr'>ma</span> <span class='ocrx_word' id='word_1_103' title='bbox 318 1712 429 1753; x_wconf 82' lang='lat' dir='ltr'>rursus</span> <span class='ocrx_word' id='word_1_104' title='bbox 442 1696 472 1750; x_wconf 92' lang='lat' dir='ltr'>in</span> <span class='ocrx_word' id='word_1_105' title='bbox 489 1696 604 1752; x_wconf 81' lang='lat' dir='ltr'>rabulas</span> <span class='ocrx_word' id='word_1_106' title='bbox 621 1696 804 1767; x_wconf 69' lang='lat' dir='ltr'>traduxistis,</span> <span class='ocrx_word' id='word_1_107' title='bbox 823 1711 980 1767; x_wconf 83' lang='lat' dir='ltr'>novusque</span> <span class='ocrx_word' id='word_1_108' title='bbox 996 1711 1012 1750; x_wconf 90' lang='lat' dir='ltr'>a</span> <span class='ocrx_word' id='word_1_109' title='bbox 1027 1704 1058 1750; x_wconf 91' lang='lat' dir='ltr'>ta</span> <span class='ocrx_word' id='word_1_110' title='bbox 1077 1693 1165 1752; x_wconf 76' lang='lat' dir='ltr'>torua</span> 
     </span>
     <span class='ocr_line' id='line_1_16' title="bbox 117 1788 1167 1871; baseline 0.001 -29"><span class='ocrx_word' id='word_1_111' title='bbox 117 1802 252 1871; x_wconf 35' lang='lat' dir='ltr'>errores·</span> <span class='ocrx_word' id='word_1_112' title='bbox 266 1788 339 1844; x_wconf 87' lang='lat' dir='ltr'>mihi</span> <span class='ocrx_word' id='word_1_113' title='bbox 370 1789 576 1860; x_wconf 87' lang='lat' dir='ltr'>imposueris,</span> <span class='ocrx_word' id='word_1_114' title='bbox 617 1798 648 1843; x_wconf 89' lang='lat' dir='ltr'>at</span> <span class='ocrx_word' id='word_1_115' title='bbox 671 1799 772 1845; x_wconf 88' lang='lat' dir='ltr'>tumen</span> <span class='ocrx_word' id='word_1_116' title='bbox 800 1789 874 1844; x_wconf 87' lang='lat' dir='ltr'>nihil</span> <span class='ocrx_word' id='word_1_117' title='bbox 899 1789 997 1844; x_wconf 91' lang='lat' dir='ltr'>minus</span> <span class='ocrx_word' id='word_1_118' title='bbox 1024 1798 1054 1842; x_wconf 87' lang='lat' dir='ltr'>ra</span> <span class='ocrx_word' id='word_1_119' title='bbox 1077 1803 1167 1858; x_wconf 88' lang='lat' dir='ltr'>agera</span> 
     </span>
     <span class='ocr_line' id='line_1_17' title="bbox 117 1881 1168 1951; baseline -0.001 -13"><span class='ocrx_word' id='word_1_120' title='bbox 117 1881 281 1939; x_wconf 84' lang='lat' dir='ltr'>simularie.</span> <span class='ocrx_word' id='word_1_121' title='bbox 319 1881 501 1937; x_wconf 86' lang='lat' dir='ltr'>Toleramua</span> <span class='ocrx_word' id='word_1_122' title='bbox 518 1883 574 1938; x_wconf 88' lang='lat' dir='ltr'>iata</span> <span class='ocrx_word' id='word_1_123' title='bbox 593 1897 609 1936; x_wconf 90' lang='lat' dir='ltr'>a</span> <span class='ocrx_word' id='word_1_124' title='bbox 626 1882 772 1951; x_wconf 79' lang='lat' dir='ltr'>theologo</span> <span class='ocrx_word' id='word_1_125' title='bbox 789 1883 886 1939; x_wconf 80' lang='lat' dir='ltr'>facta:</span> <span class='ocrx_word' id='word_1_126' title='bbox 912 1883 942 1938; x_wconf 88' lang='lat' dir='ltr'>id</span> <span class='ocrx_word' id='word_1_127' title='bbox 960 1882 1059 1938; x_wconf 90' lang='lat' dir='ltr'>aulum</span> <span class='ocrx_word' id='word_1_128' title='bbox 1079 1883 1168 1939; x_wconf 77' lang='lat' dir='ltr'>vulu-</span> 
     </span>
     <span class='ocr_line' id='line_1_18' title="bbox 118 1974 1167 2047; baseline 0.003 -17"><span class='ocrx_word' id='word_1_129' title='bbox 118 1991 188 2030; x_wconf 87' lang='lat' dir='ltr'>mua</span> <span class='ocrx_word' id='word_1_130' title='bbox 206 1975 384 2046; x_wconf 84' lang='lat' dir='ltr'>ostendere,</span> <span class='ocrx_word' id='word_1_131' title='bbox 413 1990 471 2031; x_wconf 89' lang='lat' dir='ltr'>nos</span> <span class='ocrx_word' id='word_1_132' title='bbox 491 1976 608 2032; x_wconf 91' lang='lat' dir='ltr'>scilicet</span> <span class='ocrx_word' id='word_1_133' title='bbox 629 1975 795 2045; x_wconf 87' lang='lat' dir='ltr'>intelligere</span> <span class='ocrx_word' id='word_1_134' title='bbox 818 1974 961 2047; x_wconf 75' lang='lat' dir='ltr'>atrophos</span> <span class='ocrx_word' id='word_1_135' title='bbox 980 1986 1047 2031; x_wconf 88' lang='lat' dir='ltr'>tusa</span> <span class='ocrx_word' id='word_1_136' title='bbox 1069 1976 1167 2039; x_wconf 82' lang='lat' dir='ltr'>iuiali.</span> 
     </span>
     <span class='ocr_line' id='line_1_19' title="bbox 118 2069 1167 2141; baseline 0.001 -17"><span class='ocrx_word' id='word_1_137' title='bbox 118 2069 198 2125; x_wconf 89' lang='lat' dir='ltr'>citer</span> <span class='ocrx_word' id='word_1_138' title='bbox 223 2081 362 2126; x_wconf 83' lang='lat' dir='ltr'>verautaa</span> <span class='ocrx_word' id='word_1_139' title='bbox 382 2079 413 2125; x_wconf 89' lang='lat' dir='ltr'>et</span> <span class='ocrx_word' id='word_1_140' title='bbox 436 2069 545 2140; x_wconf 81' lang='lat' dir='ltr'>figuras</span> <span class='ocrx_word' id='word_1_141' title='bbox 570 2069 850 2140; x_wconf 60' lang='lat' dir='ltr'>nihilorminus,</span> <span class='ocrx_word' id='word_1_142' title='bbox 880 2079 911 2125; x_wconf 88' lang='lat' dir='ltr'>et</span> <span class='ocrx_word' id='word_1_143' title='bbox 942 2069 1110 2141; x_wconf 76' lang='lat' dir='ltr'>benigniter</span> <span class='ocrx_word' id='word_1_144' title='bbox 1134 2079 1167 2125; x_wconf 91' lang='lat' dir='ltr'>te</span> 
     </span>
     <span class='ocr_line' id='line_1_20' title="bbox 117 2163 1168 2238; baseline 0 -19"><span class='ocrx_word' id='word_1_145' title='bbox 117 2179 262 2234; x_wconf 75' lang='lat' dir='ltr'>monera,</span> <span class='ocrx_word' id='word_1_146' title='bbox 279 2173 314 2220; x_wconf 93' lang='lat' dir='ltr'>ut</span> <span class='ocrx_word' id='word_1_147' title='bbox 333 2164 493 2237; x_wconf 80' lang='lat' dir='ltr'>deinceps,</span> <span class='ocrx_word' id='word_1_148' title='bbox 513 2181 570 2238; x_wconf 84' lang='lat' dir='ltr'>pru</span> <span class='ocrx_word' id='word_1_149' title='bbox 588 2164 683 2234; x_wconf 86' lang='lat' dir='ltr'>gloria</span> <span class='ocrx_word' id='word_1_150' title='bbox 700 2172 770 2235; x_wconf 87' lang='lat' dir='ltr'>tua,</span> <span class='ocrx_word' id='word_1_151' title='bbox 787 2163 877 2237; x_wconf 88' lang='lat' dir='ltr'>paulo</span> <span class='ocrx_word' id='word_1_152' title='bbox 901 2163 1037 2219; x_wconf 84' lang='lat' dir='ltr'>civiliore</span> <span class='ocrx_word' id='word_1_153' title='bbox 1058 2163 1168 2219; x_wconf 88' lang='lat' dir='ltr'>astutia</span> 
     </span>
     <span class='ocr_line' id='line_1_21' title="bbox 117 2257 1168 2329; baseline -0.001 -16"><span class='ocrx_word' id='word_1_154' title='bbox 117 2275 210 2327; x_wconf 85' lang='lat' dir='ltr'>nasu,</span> <span class='ocrx_word' id='word_1_155' title='bbox 236 2259 298 2315; x_wconf 91' lang='lat' dir='ltr'>imo</span> <span class='ocrx_word' id='word_1_156' title='bbox 315 2259 457 2315; x_wconf 87' lang='lat' dir='ltr'>calcaneo</span> <span class='ocrx_word' id='word_1_157' title='bbox 477 2269 584 2316; x_wconf 90' lang='lat' dir='ltr'>nostro</span> <span class='ocrx_word' id='word_1_158' title='bbox 601 2257 768 2315; x_wconf 87' lang='lat' dir='ltr'>insidieris:</span> <span class='ocrx_word' id='word_1_159' title='bbox 795 2268 944 2329; x_wconf 73' lang='lat' dir='ltr'>agrestem</span> <span class='ocrx_word' id='word_1_160' title='bbox 960 2258 1039 2313; x_wconf 91' lang='lat' dir='ltr'>hanc</span> <span class='ocrx_word' id='word_1_161' title='bbox 1060 2267 1090 2314; x_wconf 89' lang='lat' dir='ltr'>et</span> <span class='ocrx_word' id='word_1_162' title='bbox 1113 2273 1168 2313; x_wconf 84' lang='lat' dir='ltr'>ve.</span> 
     </span>
    </p>
   </div>
   <div class='ocr_carea' id='block_1_5' title="bbox 117 2350 1168 2503">
    <p class='ocr_par' dir='ltr' id='par_1_6' title="bbox 117 2350 1168 2503">
     <span class='ocr_line' id='line_1_22' title="bbox 117 2350 1168 2428; baseline -0.001 -21"><span class='ocrx_word' id='word_1_163' title='bbox 117 2362 271 2410; x_wconf 86' lang='lat' dir='ltr'>ternusaru</span> <span class='ocrx_word' id='word_1_164' title='bbox 301 2363 383 2410; x_wconf 87' lang='lat' dir='ltr'>tuam</span> <span class='ocrx_word' id='word_1_165' title='bbox 419 2354 609 2428; x_wconf 80' lang='lat' dir='ltr'>prudentiam</span> <span class='ocrx_word' id='word_1_166' title='bbox 643 2354 673 2409; x_wconf 90' lang='lat' dir='ltr'>iu</span> <span class='ocrx_word' id='word_1_167' title='bbox 705 2368 825 2411; x_wconf 87' lang='lat' dir='ltr'>crassos</span> <span class='ocrx_word' id='word_1_168' title='bbox 852 2359 922 2409; x_wconf 92' lang='lat' dir='ltr'>tuos</span> <span class='ocrx_word' id='word_1_169' title='bbox 956 2350 1168 2423; x_wconf 89' lang='lat' dir='ltr'>conaophistaa</span> 
     </span>
     <span class='ocr_line' id='line_1_23' title="bbox 117 2446 236 2503; baseline 0.017 -2"><span class='ocrx_word' id='word_1_170' title='bbox 117 2446 236 2503; x_wconf 62' lang='lat' dir='ltr'>ludas.⁸</span> 
     </span>
    </p>
   </div>
   <div class='ocr_carea' id='block_1_6' title="bbox 119 2539 1169 3834">
    <p class='ocr_par' dir='ltr' id='par_1_7' title="bbox 119 2539 1169 3834">
     <span class='ocr_line' id='line_1_24' title="bbox 186 2539 1168 2611; baseline -0.005 -15"><span class='ocrx_word' id='word_1_171' title='bbox 186 2540 311 2598; x_wconf 89' lang='lat' dir='ltr'>Interim</span> <span class='ocrx_word' id='word_1_172' title='bbox 338 2551 404 2600; x_wconf 89' lang='lat' dir='ltr'>esto</span> <span class='ocrx_word' id='word_1_173' title='bbox 434 2542 482 2598; x_wconf 84' lang='lat' dir='ltr'>via·</span> <span class='ocrx_word' id='word_1_174' title='bbox 511 2542 600 2598; x_wconf 76' lang='lat' dir='ltr'>fortis</span> <span class='ocrx_word' id='word_1_175' title='bbox 624 2549 655 2596; x_wconf 88' lang='lat' dir='ltr'>et</span> <span class='ocrx_word' id='word_1_176' title='bbox 681 2541 839 2611; x_wconf 80' lang='lat' dir='ltr'>accingere</span> <span class='ocrx_word' id='word_1_177' title='bbox 865 2539 963 2609; x_wconf 90' lang='lat' dir='ltr'>gladio</span> <span class='ocrx_word' id='word_1_178' title='bbox 991 2545 1045 2592; x_wconf 90' lang='lat' dir='ltr'>tuo</span> <span class='ocrx_word' id='word_1_179' title='bbox 1075 2551 1168 2607; x_wconf 90' lang='lat' dir='ltr'>super</span> 
     </span>
     <span class='ocr_line' id='line_1_25' title="bbox 120 2632 1169 2707; baseline -0.002 -21"><span class='ocrx_word' id='word_1_180' title='bbox 120 2632 219 2687; x_wconf 76' lang='lat' dir='ltr'>femur</span> <span class='ocrx_word' id='word_1_181' title='bbox 245 2642 330 2688; x_wconf 90' lang='lat' dir='ltr'>tuum</span> <span class='ocrx_word' id='word_1_182' title='bbox 352 2635 570 2707; x_wconf 84' lang='lat' dir='ltr'>potentissime.</span> <span class='ocrx_word' id='word_1_183' title='bbox 615 2632 783 2706; x_wconf 88' lang='lat' dir='ltr'>Postquam</span> <span class='ocrx_word' id='word_1_184' title='bbox 815 2633 894 2687; x_wconf 89' lang='lat' dir='ltr'>cuim</span> <span class='ocrx_word' id='word_1_185' title='bbox 920 2647 977 2701; x_wconf 88' lang='lat' dir='ltr'>pru</span> <span class='ocrx_word' id='word_1_186' title='bbox 1009 2643 1084 2701; x_wconf 88' lang='lat' dir='ltr'>paca</span> <span class='ocrx_word' id='word_1_187' title='bbox 1116 2636 1169 2684; x_wconf 87' lang='lat' dir='ltr'>tua</span> 
     </span>
     <span class='ocr_line' id='line_1_26' title="bbox 119 2719 1169 2799; baseline -0.005 -19"><span class='ocrx_word' id='word_1_188' title='bbox 119 2725 267 2781; x_wconf 84' lang='lat' dir='ltr'>mediator</span> <span class='ocrx_word' id='word_1_189' title='bbox 289 2727 422 2794; x_wconf 88' lang='lat' dir='ltr'>ingratus</span> <span class='ocrx_word' id='word_1_190' title='bbox 444 2727 513 2795; x_wconf 78' lang='lat' dir='ltr'>sui,</span> <span class='ocrx_word' id='word_1_191' title='bbox 538 2726 665 2799; x_wconf 86' lang='lat' dir='ltr'>placebo</span> <span class='ocrx_word' id='word_1_192' title='bbox 692 2727 821 2789; x_wconf 84' lang='lat' dir='ltr'>fortusse</span> <span class='ocrx_word' id='word_1_193' title='bbox 847 2730 1054 2779; x_wconf 87' lang='lat' dir='ltr'>concertatur.</span> <span class='ocrx_word' id='word_1_194' title='bbox 1094 2719 1169 2776; x_wconf 89' lang='lat' dir='ltr'>Nou</span> 
     </span>
     <span class='ocr_line' id='line_1_27' title="bbox 121 2814 1168 2892; baseline -0.003 -17"><span class='ocrx_word' id='word_1_195' title='bbox 121 2818 203 2891; x_wconf 89' lang='lat' dir='ltr'>quod</span> <span class='ocrx_word' id='word_1_196' title='bbox 234 2818 357 2876; x_wconf 86' lang='lat' dir='ltr'>vincere</span> <span class='ocrx_word' id='word_1_197' title='bbox 383 2821 616 2892; x_wconf 88' lang='lat' dir='ltr'>proposuerim,</span> <span class='ocrx_word' id='word_1_198' title='bbox 646 2818 700 2875; x_wconf 88' lang='lat' dir='ltr'>sed</span> <span class='ocrx_word' id='word_1_199' title='bbox 722 2818 806 2892; x_wconf 92' lang='lat' dir='ltr'>quod</span> <span class='ocrx_word' id='word_1_200' title='bbox 838 2823 910 2890; x_wconf 89' lang='lat' dir='ltr'>post</span> <span class='ocrx_word' id='word_1_201' title='bbox 935 2814 1079 2871; x_wconf 83' lang='lat' dir='ltr'>victorias</span> <span class='ocrx_word' id='word_1_202' title='bbox 1102 2821 1168 2872; x_wconf 82' lang='lat' dir='ltr'>tusa</span> 
     </span>
     <span class='ocr_line' id='line_1_28' title="bbox 119 2907 1169 2984; baseline -0.009 -12"><span class='ocrx_word' id='word_1_203' title='bbox 119 2913 329 2978; x_wconf 79' lang='lat' dir='ltr'>Pannonicus,</span> <span class='ocrx_word' id='word_1_204' title='bbox 355 2912 619 2983; x_wconf 84' lang='lat' dir='ltr'>Longobardicaa,</span> <span class='ocrx_word' id='word_1_205' title='bbox 643 2911 816 2984; x_wconf 81' lang='lat' dir='ltr'>Eajuaricas</span> <span class='ocrx_word' id='word_1_206' title='bbox 847 2909 965 2981; x_wconf 87' lang='lat' dir='ltr'>(modo</span> <span class='ocrx_word' id='word_1_207' title='bbox 986 2907 1040 2964; x_wconf 91' lang='lat' dir='ltr'>tibi</span> <span class='ocrx_word' id='word_1_208' title='bbox 1065 2908 1169 2964; x_wconf 85' lang='lat' dir='ltr'>creda.</span> 
     </span>
     <span class='ocr_line' id='line_1_29' title="bbox 120 3001 1167 3077; baseline -0.005 -14"><span class='ocrx_word' id='word_1_209' title='bbox 120 3008 210 3075; x_wconf 87' lang='lat' dir='ltr'>mus)</span> <span class='ocrx_word' id='word_1_210' title='bbox 228 3007 351 3064; x_wconf 86' lang='lat' dir='ltr'>occasio</span> <span class='ocrx_word' id='word_1_211' title='bbox 366 3006 420 3063; x_wconf 89' lang='lat' dir='ltr'>tibi</span> <span class='ocrx_word' id='word_1_212' title='bbox 439 3006 506 3063; x_wconf 85' lang='lat' dir='ltr'>iiam</span> <span class='ocrx_word' id='word_1_213' title='bbox 525 3006 679 3062; x_wconf 89' lang='lat' dir='ltr'>obtinendi</span> <span class='ocrx_word' id='word_1_214' title='bbox 698 3005 849 3073; x_wconf 84' lang='lat' dir='ltr'>nominis,</span> <span class='ocrx_word' id='word_1_215' title='bbox 867 3020 929 3077; x_wconf 93' lang='lat' dir='ltr'>quo</span> <span class='ocrx_word' id='word_1_216' title='bbox 951 3013 982 3059; x_wconf 90' lang='lat' dir='ltr'>et</span> <span class='ocrx_word' id='word_1_217' title='bbox 1002 3001 1167 3058; x_wconf 78' lang='lat' dir='ltr'>saxonicus</span> 
     </span>
     <span class='ocr_line' id='line_1_30' title="bbox 121 3098 1168 3175; baseline -0.007 -17"><span class='ocrx_word' id='word_1_218' title='bbox 121 3110 152 3158; x_wconf 93' lang='lat' dir='ltr'>et</span> <span class='ocrx_word' id='word_1_219' title='bbox 172 3100 323 3158; x_wconf 89' lang='lat' dir='ltr'>Misuicus</span> <span class='ocrx_word' id='word_1_220' title='bbox 347 3101 564 3175; x_wconf 84' lang='lat' dir='ltr'>triumphator,</span> <span class='ocrx_word' id='word_1_221' title='bbox 584 3119 619 3156; x_wconf 89' lang='lat' dir='ltr'>ac</span> <span class='ocrx_word' id='word_1_222' title='bbox 640 3100 665 3156; x_wconf 89' lang='lat' dir='ltr'>ai</span> <span class='ocrx_word' id='word_1_223' title='bbox 687 3100 794 3168; x_wconf 86' lang='lat' dir='ltr'>voles,</span> <span class='ocrx_word' id='word_1_224' title='bbox 812 3114 932 3171; x_wconf 85' lang='lat' dir='ltr'>semper</span> <span class='ocrx_word' id='word_1_225' title='bbox 946 3098 1101 3167; x_wconf 86' lang='lat' dir='ltr'>Augustus</span> <span class='ocrx_word' id='word_1_226' title='bbox 1119 3112 1168 3152; x_wconf 88' lang='lat' dir='ltr'>aa.</span> 
     </span>
     <span class='ocr_line' id='line_1_31' title="bbox 121 3191 1167 3267; baseline -0.006 -15"><span class='ocrx_word' id='word_1_227' title='bbox 121 3197 227 3253; x_wconf 88' lang='lat' dir='ltr'>luteris</span> <span class='ocrx_word' id='word_1_228' title='bbox 254 3196 284 3251; x_wconf 91' lang='lat' dir='ltr'>iu</span> <span class='ocrx_word' id='word_1_229' title='bbox 314 3208 477 3267; x_wconf 79' lang='lat' dir='ltr'>arternum,</span> <span class='ocrx_word' id='word_1_230' title='bbox 501 3213 536 3252; x_wconf 87' lang='lat' dir='ltr'>ac</span> <span class='ocrx_word' id='word_1_231' title='bbox 555 3197 599 3252; x_wconf 87' lang='lat' dir='ltr'>sic</span> <span class='ocrx_word' id='word_1_232' title='bbox 623 3194 749 3265; x_wconf 88' lang='lat' dir='ltr'>gloriam</span> <span class='ocrx_word' id='word_1_233' title='bbox 768 3195 907 3265; x_wconf 87' lang='lat' dir='ltr'>adeptus,</span> <span class='ocrx_word' id='word_1_234' title='bbox 926 3192 1063 3265; x_wconf 84' lang='lat' dir='ltr'>quiescas</span> <span class='ocrx_word' id='word_1_235' title='bbox 1078 3191 1167 3263; x_wconf 86' lang='lat' dir='ltr'>juxta</span> 
     </span>
     <span class='ocr_line' id='line_1_32' title="bbox 121 3284 1168 3360; baseline -0.009 -12"><span class='ocrx_word' id='word_1_236' title='bbox 121 3290 255 3360; x_wconf 84' lang='lat' dir='ltr'>magistri</span> <span class='ocrx_word' id='word_1_237' title='bbox 277 3291 320 3347; x_wconf 90' lang='lat' dir='ltr'>tui</span> <span class='ocrx_word' id='word_1_238' title='bbox 345 3292 543 3348; x_wconf 83' lang='lat' dir='ltr'>sententiamr</span> <span class='ocrx_word' id='word_1_239' title='bbox 577 3288 736 3346; x_wconf 86' lang='lat' dir='ltr'>Habitibus</span> <span class='ocrx_word' id='word_1_240' title='bbox 756 3285 953 3344; x_wconf 88' lang='lat' dir='ltr'>existentibus</span> <span class='ocrx_word' id='word_1_241' title='bbox 973 3285 1003 3340; x_wconf 88' lang='lat' dir='ltr'>in</span> <span class='ocrx_word' id='word_1_242' title='bbox 1023 3284 1168 3353; x_wconf 85' lang='lat' dir='ltr'>materia,</span> 
     </span>
     <span class='ocr_line' id='line_1_33' title="bbox 123 3379 1167 3458; baseline -0.007 -17"><span class='ocrx_word' id='word_1_243' title='bbox 123 3393 221 3442; x_wconf 85' lang='lat' dir='ltr'>cessat</span> <span class='ocrx_word' id='word_1_244' title='bbox 240 3396 350 3443; x_wconf 87' lang='lat' dir='ltr'>motus.</span> <span class='ocrx_word' id='word_1_245' title='bbox 386 3384 566 3458; x_wconf 81' lang='lat' dir='ltr'>Quanquam</span> <span class='ocrx_word' id='word_1_246' title='bbox 585 3384 725 3452; x_wconf 88' lang='lat' dir='ltr'>mallem,</span> <span class='ocrx_word' id='word_1_247' title='bbox 741 3393 775 3439; x_wconf 89' lang='lat' dir='ltr'>ut</span> <span class='ocrx_word' id='word_1_248' title='bbox 794 3389 986 3450; x_wconf 89' lang='lat' dir='ltr'>monstrum,</span> <span class='ocrx_word' id='word_1_249' title='bbox 1005 3380 1086 3453; x_wconf 87' lang='lat' dir='ltr'>quod</span> <span class='ocrx_word' id='word_1_250' title='bbox 1102 3379 1167 3450; x_wconf 82' lang='lat' dir='ltr'>jem</span> 
     </span>
     <span class='ocr_line' id='line_1_34' title="bbox 124 3475 1167 3552; baseline -0.006 -17"><span class='ocrx_word' id='word_1_251' title='bbox 124 3481 174 3535; x_wconf 89' lang='lat' dir='ltr'>diu</span> <span class='ocrx_word' id='word_1_252' title='bbox 195 3480 231 3536; x_wconf 75' lang='lat' dir='ltr'>iu&#39;</span> <span class='ocrx_word' id='word_1_253' title='bbox 245 3495 294 3535; x_wconf 91' lang='lat' dir='ltr'>me</span> <span class='ocrx_word' id='word_1_254' title='bbox 314 3481 384 3550; x_wconf 89' lang='lat' dir='ltr'>alia,</span> <span class='ocrx_word' id='word_1_255' title='bbox 409 3489 441 3536; x_wconf 89' lang='lat' dir='ltr'>et</span> <span class='ocrx_word' id='word_1_256' title='bbox 467 3479 548 3552; x_wconf 90' lang='lat' dir='ltr'>quod</span> <span class='ocrx_word' id='word_1_257' title='bbox 569 3488 600 3535; x_wconf 88' lang='lat' dir='ltr'>te</span> <span class='ocrx_word' id='word_1_258' title='bbox 618 3478 695 3534; x_wconf 88' lang='lat' dir='ltr'>male</span> <span class='ocrx_word' id='word_1_259' title='bbox 713 3476 821 3545; x_wconf 87' lang='lat' dir='ltr'>habet,</span> <span class='ocrx_word' id='word_1_260' title='bbox 846 3475 1003 3549; x_wconf 85' lang='lat' dir='ltr'>aliquando</span> <span class='ocrx_word' id='word_1_261' title='bbox 1024 3488 1167 3548; x_wconf 85' lang='lat' dir='ltr'>pareres,</span> 
     </span>
     <span class='ocr_line' id='line_1_35' title="bbox 123 3570 1169 3646; baseline -0.006 -18"><span class='ocrx_word' id='word_1_262' title='bbox 123 3583 154 3631; x_wconf 87' lang='lat' dir='ltr'>et</span> <span class='ocrx_word' id='word_1_263' title='bbox 170 3589 311 3642; x_wconf 85' lang='lat' dir='ltr'>nauseas,</span> <span class='ocrx_word' id='word_1_264' title='bbox 330 3570 440 3646; x_wconf 89' lang='lat' dir='ltr'>quibus</span> <span class='ocrx_word' id='word_1_265' title='bbox 456 3572 632 3630; x_wconf 87' lang='lat' dir='ltr'>stomachus</span> <span class='ocrx_word' id='word_1_266' title='bbox 647 3581 718 3629; x_wconf 91' lang='lat' dir='ltr'>tuus</span> <span class='ocrx_word' id='word_1_267' title='bbox 737 3571 939 3646; x_wconf 87' lang='lat' dir='ltr'>periclitatur,</span> <span class='ocrx_word' id='word_1_268' title='bbox 957 3570 1077 3628; x_wconf 82' lang='lat' dir='ltr'>taudem</span> <span class='ocrx_word' id='word_1_269' title='bbox 1094 3574 1169 3624; x_wconf 82' lang='lat' dir='ltr'>evo.</span> 
     </span>
     <span class='ocr_line' id='line_1_36' title="bbox 122 3660 1168 3739; baseline -0.005 -17"><span class='ocrx_word' id='word_1_270' title='bbox 122 3681 222 3723; x_wconf 82' lang='lat' dir='ltr'>meres</span> <span class='ocrx_word' id='word_1_271' title='bbox 240 3667 270 3722; x_wconf 88' lang='lat' dir='ltr'>in</span> <span class='ocrx_word' id='word_1_272' title='bbox 288 3666 460 3739; x_wconf 92' lang='lat' dir='ltr'>publicum,</span> <span class='ocrx_word' id='word_1_273' title='bbox 485 3667 634 3739; x_wconf 85' lang='lat' dir='ltr'>minisque</span> <span class='ocrx_word' id='word_1_274' title='bbox 656 3666 715 3725; x_wconf 92' lang='lat' dir='ltr'>illia</span> <span class='ocrx_word' id='word_1_275' title='bbox 741 3666 801 3725; x_wconf 90' lang='lat' dir='ltr'>tuis</span> <span class='ocrx_word' id='word_1_276' title='bbox 821 3664 954 3737; x_wconf 81' lang='lat' dir='ltr'>basilicis</span> <span class='ocrx_word' id='word_1_277' title='bbox 978 3671 1009 3721; x_wconf 91' lang='lat' dir='ltr'>at</span> <span class='ocrx_word' id='word_1_278' title='bbox 1026 3660 1168 3733; x_wconf 78' lang='lat' dir='ltr'>gloriosis</span> 
     </span>
     <span class='ocr_line' id='line_1_37' title="bbox 124 3760 600 3834; baseline 0.013 -20"><span class='ocrx_word' id='word_1_279' title='bbox 124 3778 178 3831; x_wconf 87' lang='lat' dir='ltr'>per</span> <span class='ocrx_word' id='word_1_280' title='bbox 195 3762 294 3818; x_wconf 90' lang='lat' dir='ltr'>omnia</span> <span class='ocrx_word' id='word_1_281' title='bbox 310 3760 399 3817; x_wconf 86' lang='lat' dir='ltr'>finem</span> <span class='ocrx_word' id='word_1_282' title='bbox 418 3763 600 3834; x_wconf 89' lang='lat' dir='ltr'>imponeres.</span> 
     </span>
    </p>
   </div>
   <div class='ocr_carea' id='block_1_7' title="bbox 159 4049 476 4100">
    <p class='ocr_par' dir='ltr' id='par_1_8' title="bbox 159 4049 476 4100">
     <span class='ocr_line' id='line_1_38' title="bbox 159 4049 476 4100; baseline 0.006 -7"><span class='ocrx_word' id='word_1_283' title='bbox 159 4050 205 4100; x_wconf 56' lang='grc' dir='ltr'>αι)</span> <span class='ocrx_word' id='word_1_284' title='bbox 233 4050 260 4096; x_wconf 76' lang='grc' dir='ltr'>Α.</span> <span class='ocrx_word' id='word_1_285' title='bbox 280 4049 476 4098; x_wconf 79' lang='lat' dir='ltr'>Ramuuutiuur.</span> 
     </span>
    </p>
   </div>
   <div class='ocr_carea' id='block_1_8' title="bbox 0 0 1299 4732">
    <p class='ocr_par' dir='ltr' id='par_1_9' title="bbox 0 0 1299 4732">
     <span class='ocr_line' id='line_1_39' title="bbox 0 0 1299 4732; baseline 0 0"><span class='ocrx_word' id='word_1_286' title='bbox 0 0 1299 4732; x_wconf 95' lang='lat' dir='ltr'> </span> 
     </span>
    </p>
   </div>
  </div>
 </body>
</html>
