2574 4732
165 289 243 355 11³⁰
301 382 309 393 κ
646 281 747 348 ι1518.

151 472 155 479 ·
179 450 211 499 et
228 441 358 496 fractum
375 436 588 511 corpusculum
606 457 613 495 :
639 439 721 512 quod
739 438 766 495 si
786 436 985 508 abstulerint,
1011 439 1092 495 t'orte
1109 437 1227 495 duabus

177 536 227 593 vel
244 552 301 590 unu
320 534 438 589 aivendi
455 534 532 588 hors
549 549 598 588 me
616 534 826 604 pauperiorem
844 533 974 601 sacient,
1002 535 1130 588 animam
1147 550 1223 589 vero

176 646 238 686 non
264 629 409 683 auferent.
452 626 548 682 Canto
575 643 646 682 cum
670 625 811 683 «Iohanne
835 627 1000 685 Roucillin:
1029 629 1078 699 qui
1109 643 1224 699 pauper

177 733 238 792 est,
267 722 339 778 nihil
363 722 467 790 timet,
492 721 565 777 nihil
591 721 717 793 perdere
744 731 867 794 potest,
895 722 949 779 sed
969 738 1022 793 spe
1041 721 1120 776 bona
1137 721 1222 777 tatus

174 818 275 874 sedet:
294 832 362 871 nam
380 825 482 887 sperat
500 815 669 886 acquirere.

243 911 312 966 Scio
330 909 458 965 verbum
476 908 589 965 Christi
609 908 649 963 ab,
663 907 749 965 initio
767 909 871 963 muudi
890 908 955 978 eJ'us
973 923 1039 963 esse
1058 907 1156 977 genii·
1185 915 1221 962 ut

174 1005 224 1078 qni
243 1005 271 1060 id
291 1004 449 1061 inmundo
466 1001 597 1057 voluerit
614 1011 753 1072 portare,
771 1002 955 1075 accessesit
974 1018 1044 1056 cum
1062 1000 1219 1072 Apostolis

168 1113 243 1173 ,eunt
261 1097 374 1152 relictis
390 1094 629 1165 renunciatisque
645 1092 797 1163 omnibus,
812 1095 893 1149 omni
910 1095 999 1163 hora,
1014 1104 1145 1151 mortem
1164 1110 1219 1149 ex·

171 1201 304 1266 pectere.
339 1188 431 1264 Quod
451 1186 507 1242 uisi
524 1196 622 1255 esset,
640 1203 701 1242 non
716 1186 844 1243 verbum
863 1186 978 1244 Christi
998 1197 1097 1245 esset:
1117 1180 1218 1244 morte

172 1296 287 1342 emtum
305 1292 373 1349 est,
390 1278 539 1335 mortibus
558 1279 731 1349 uulgatum,
750 1273 902 1335 mortibus
920 1291 1092 1353 servatum,
1110 1282 1219 1337 morti.

170 1378 229 1436 bue
246 1390 367 1450 quoque
385 1373 564 1429 servandum
583 1382 633 1426 aut
649 1373 843 1428 referendum
861 1381 917 1429 est.
962 1373 1011 1429 Sic
1029 1375 1108 1429 enim
1125 1390 1218 1446 spon.
1254 1408 1256 1412 ·

169 1487 221 1528 sus
250 1479 356 1526 noster
385 1482 512 1540 sponsus
542 1466 720 1535 sanguinum
749 1465 838 1522 nobis
863 1476 920 1523 eat.
961 1466 1011 1522 Tu
1039 1485 1111 1537 ergo
1141 1485 1215 1535 ora,

168 1576 202 1621 ut
226 1564 378 1621 Dominus
401 1561 492 1618 Jesus
517 1561 655 1635 spiritum
678 1560 761 1616 hunc
784 1559 830 1616 sui
855 1559 1017 1617 fidelissimi
1045 1561 1214 1632 peccatoris

170 1667 276 1730 augeat
298 1669 328 1714 et
347 1666 459 1714 servet.
628 1725 633 1736 .

236 1750 333 1807 Habui
357 1765 453 1822 nuper
475 1765 648 1806 sermonem
675 1749 712 1804 ad
737 1747 860 1818 vulgum
886 1749 923 1803 de
948 1747 1060 1803 virtute
1088 1761 1213 1801 excoms

167 1846 398 1912 municatiouis‚
423 1843 473 1899 ubi
493 1845 593 1901 taxavi
613 1843 713 1900 obiter
731 1842 916 1913 tyrannidem
934 1851 963 1896 et
981 1840 1127 1896 inscitiam
1146 1855 1212 1893 sor.

167 1939 310 1994 didiscimi
325 1938 410 1994 istius
423 1938 503 2017 vulgi
518 1937 699 2006 officialium,
716 1936 1003 1996 commissariorum,
1018 1934 1211 1990 vicariorum.

163 2029 319 2087 Mirantur
340 2046 461 2107 omnes,
479 2047 630 2102 nunquam
647 2045 713 2086 sesa
733 2029 801 2084 talia
820 2030 946 2085 audisse.
981 2029 1122 2095 Deinde,
1141 2026 1211 2098 quid

165 2125 258 2180 futuri
273 2125 341 2179 mali
359 2123 431 2178 mibi
448 2125 618 2184 incumbat,
638 2136 743 2177 omnes
757 2134 967 2193 expectamus,
985 2138 1098 2176 novum
1112 2121 1212 2190 iguem

164 2216 324 2273 succendi:
343 2216 395 2271 sed
419 2216 459 2271 ita
477 2216 549 2270 lacit
567 2215 694 2271 verbum
712 2213 848 2267 veritatis
867 2214 1004 2281 signum,
1024 2213 1072 2267 cui
1091 2225 1211 2267 contra.

164 2309 291 2365 dicitur:
312 2309 469 2364 volueram
482 2309 585 2363 eadem
599 2305 759 2379 publicitus
772 2298 934 2374 disputare,
951 2304 1003 2359 sed
1019 2320 1092 2359 ecoe
1104 2320 1210 2360 rumor

163 2402 327 2474 praevenit,
346 2411 376 2454 et
389 2392 533 2472 plurimos
548 2411 699 2469 magnates
715 2401 790 2454 adeo
802 2399 971 2470 permovit,
993 2409 1026 2453 ut
1039 2397 1208 2471 Episcopus

161 2511 247 2555 meus
264 2495 560 2564 Brundenburgensis
578 2497 671 2549 misso
697 2491 803 2549 nuntio
827 2508 936 2562 magno
962 2494 1145 2562 postularet,
1174 2503 1209 2550 ut

161 2590 314 2646 differrem
341 2604 405 2643 eam
432 2588 679 2658 disputationem,
706 2589 788 2660 quod
813 2598 843 2641 et
872 2588 986 2642 lecim
1010 2588 1106 2657 facio,
1133 2605 1208 2659 prae.

159 2683 264 2738 sertim
282 2682 384 2736 amicis
403 2697 524 2753 quoque
542 2681 784 2738 consulentibus:
814 2681 906 2750 vide,¹
927 2699 1016 2754 quam
1040 2683 1097 2738 sim
1120 2700 1208 2741 mou.

159 2786 278 2834 atrosua
296 2774 409 2843 homo,
429 2775 514 2846 cujus
533 2788 658 2830 conatus
677 2769 766 2831 etia'm
786 2786 855 2832 sunt
873 2777 1091 2832 intolerabiles.

227 2871 379 2925 Dominus
402 2867 526 2924 Doctor
550 2869 737 2927 Isenacensis
755 2872 837 2927 misit
856 2873 891 2927 ad
909 2888 958 2926 me
985 2873 1106 2933 literas,
1138 2873 1203 2927 zelo

157 2980 266 3032 magno
290 2965 357 3029 (sic
383 2966 463 3017 enim
488 2964 650 3019 honestare
674 2976 795 3036 oportet
818 2966 949 3020 hominis
969 2964 1204 3034 passionissimas

156 3059 333 3129 passiones)
364 3056 567 3127 plenissimas,
592 3056 679 3126 longe
698 3060 849 3125 acriores,
876 3073 964 3129 quam
984 3074 1054 3124 eas,
1074 3072 1147 3128 quaa
1171 3057 1201 3111 in

156 3152 286 3225 capitulo
302 3165 407 3206 coram
422 3150 578 3205 audiebas:
598 3154 702 3205 eadem
716 3150 789 3205 mihi
805 3167 908 3207 corato
921 3152 1037 3223 positus
1053 3149 1200 3206 Erfurdiss

155 3242 347 3321 loquebatur.
370 3242 469 3313 Usque
479 3246 524 3300 ‚ad
537 3242 679 3323 insaniam
695 3246 867 3299 cruciantur
883 3245 932 3302 isti
945 3245 1100 3311 homines,
1119 3247 1201 3315 quod

155 3336 239 3392 stulti
256 3337 285 3390 in
305 3336 431 3390 Christo
448 3334 511 3389 lieri
532 3336 679 3398 debeanti
703 3348 733 3392 et
749 3341 888 3417 magistri¹
897 3342 992 3393 nostri
1012 3339 1113 3392 eximii
1131 3349 1198 3393 tuto

155 3427 251 3491 orbe,
283 3439 367 3508 tanto
391 3444 535 3503 ¹ternpore
567 3414 683 3486 errasse
705 3414 844 3499 judicari.
896 3430 964 3501 Ego
993 3432 1066 3487 nihii
1092 3449 1199 3488 moror

152 3538 259 3578 moros
290 3533 321 3577 et
350 3537 471 3577 momos
499 3540 626 3580 omnes:
662 3523 800 3579 Christus
824 3526 915 3579 modo
946 3527 984 3580 sit
1012 3526 1084 3580 mihi
1111 3526 1197 3580 Deus

152 3616 321 3689 propitius,
340 3618 389 3671 cui
408 3629 528 3687 paratus
546 3633 614 3672 sum
633 3620 741 3674 cedere
760 3617 844 3672 verbi
865 3618 1005 3673 officinm.
1042 3619 1111 3673 ilaec
1130 3634 1198 3672 ver.

152 3711 279 3780 bosius,
306 3711 374 3781 quia
402 3709 489 3766 tibuit
513 3722 614 3765 tecum
642 3712 779 3768 tabulari.
825 3713 906 3768 vate.
951 3712 1195 3781 Wittembergae,

152 3804 201 3861 die
220 3808 253 3859 12
270 3803 409 3860 Fratrum
423 3804 477 3874 ¹⁵),
496 3820 571 3860 anno
590 3803 774 3861 Monstri.
807 3798 849 3930 F''
859 3876 1012 3933 Martinus
1030 3874 1183 3931 Lutberus

149 3963 197 3980 .-

201 4009 230 4060 ⁸)
257 4006 382 4059 ensurius
399 4007 452 4060 itatt
467 4006 505 4055 die
519 4005 534 4054 t
548 4008 642 4063 iram,
661 4008 717 4056 aba:
731 4009 802 4057 aivis.
819 4010 1001 4068 Apostolorum.
