2574 4732
183 315 222 375 12
659 309 747 391 asta.

181 467 367 526 Reuereudis
388 473 416 523 at
434 466 587 542 religiosis
600 466 749 526 Patribus
763 467 977 541 effrata-ibus,
991 468 1129 527 Andreas
1141 469 1229 528 Lolrr

252 563 373 629 Priori,
386 568 415 616 et
422 559 595 619 amiantus
607 563 775 619 eumaeus
786 561 1001 627 Erfurdiensr's
1016 565 1142 621 Ordinis
1154 567 1229 620 Ere.
1276 576 1279 580 '

235 655 397 713 'enitar-rare
410 656 444 712 S.
461 655 646 732 deputant,
656 653 818 728 state-ibus
828 658 862 713 t'rt
874 656 1007 715 Domino
1021 656 1229 715 observanda.

619 805 833 895 599⁰*.

180 901 321 999 Salutem
336 941 366 996 in
383 941 538 1011 Domino,
557 943 713 998 reverendi
729 941 846 998 Patres.
872 941 959 999 Licet
973 942 1066 999 multa
1080 951 1111 996 et
1126 942 1229 998 audie·

177 1035 239 1110 ,rim
259 1045 289 1090 at
310 1035 452 1103 legerim,
471 1052 536 1106 qua
554 1038 591 1089 de
609 1035 714 1104 vobis,
732 1033 923 1107 potissimum
945 1036 981 1090 de
1000 1052 1048 1090 me
1064 1034 1101 1089 ab
1122 1036 1230 1107 aliqui.

181 1129 239 1187 bus
267 1145 306 1184 ex
333 1129 421 1184 vobis
446 1129 524 1182 elicta
549 1137 617 1183 sunt
642 1129 735 1184 mala:
762 1128 926 1184 novissima
945 1139 1046 1185 tamen
1070 1144 1112 1203 ert
1130 1130 1227 1187 literis

180 1223 218 1281 P.
232 1223 371 1291 Magistri
386 1221 534 1276 Johannis
550 1220 664 1277 Nathia
673 1262 683 1290 ,
703 1223 784 1276 velut
802 1223 924 1277 nomine
938 1225 1073 1281 omnium
1088 1231 1226 1279 vestrum

180 1317 359 1381 scribentis,
385 1315 425 1369 ita
446 1315 488 1369 fui
512 1315 691 1375 mendaciis.
714 1316 855 1372 aculeatis
876 1315 998 1385 verbis,
1025 1334 1061 1391 ae
1077 1331 1227 1392 provoca.

180 1408 314 1464 tionibus
332 1389 523 1462 amarulentis
541 1417 572 1462 et
592 1408 732 1464 illusoriis
751 1411 844 1481 ipsius
864 1420 1058 1478 commotus,
1076 1420 1109 1463 ut
1130 1423 1225 1479 prope

180 1502 271 1558 faerit
282 1542 292 1570 ,
311 1511 345 1556 ut
365 1501 550 1571 Magistrum
568 1501 651 1559 Paltz
672 1501 825 1571 imitatus,
847 1519 939 1573 super
955 1505 1052 1576 ipsunt
1072 1512 1103 1557 et
1126 1511 1226 1567 totum

182 1596 374 1652 Carventum
394 1596 580 1651 effunderem
598 1595 725 1666 phialam
740 1597 861 1668 plenam
876 1598 927 1652 irae
944 1607 977 1667 et
989 1595 1209 1669 indignatipais.

238 1689 335 1745 'Unde
350 1699 383 1769 ¹et
404 1689 488 1744 binas
506 1692 541 1744 ad
562 1706 619 1744 vos
639 1674 736 1747 direxi
757 1691 859 1747 literas
880 1691 1033 1762 stupidas,
1060 1691 1227 1757 nescioan

181 1783 385 1857 pervenerint,
406 1793 436 1839 et
448 1798 523 1838 mox
536 1784 712 1853 mysterium
726 1801 829 1840 earum
847 1784 1008 1851 misissem,
1026 1784 1081 1839 nisi
1099 1798 1140 1839 ex
1152 1797 1226 1836 con.

181 1877 342 1937 vocatione
360 1877 489 1947 primum
504 1876 694 1938 obstructum
708 1889 788 1933 esset
801 1893 837 1933 os
850 1878 1002 1953 loquentia
1014 1877 1123 1948 iniqua.
1141 1874 1226 1930 Umle

180 1982 212 2025 et
232 1971 362 2036 multos,
382 1969 443 2024 imo
462 1969 563 2039 plures
584 1985 623 2024 ex
635 1968 723 2026 vobis
735 1971 793 2039 jam
812 1972 925 2026 habere
944 1988 1039 2040 cogor
1053 1980 1224 2027 excusatos.

251 2063 446 2135 Quapropter
472 2079 567 2130 rogo,
596 2064 620 2117 si
645 2064 716 2132 quid
742 2065 848 2118 offensi
873 2065 955 2131 sitis,
982 2066 1029 2118 vel
1052 2064 1112 2119 sint
1135 2061 1225 2132 aliqui

178 2165 314 2210 vestrum
333 2156 362 2208 in
379 2153 443 2208 istis
460 2152 570 2222 literis,
601 2155 735 2224 percite,
760 2166 791 2209 et
810 2172 872 2209 noa
887 2156 942 2208 nisi
961 2155 1130 2210 furentibus
1151 2155 1227 2226 scri.

178 2249 240 2317 ptis
257 2246 397 2315 Magistri
420 2245 534 2300 Nathin
557 2246 717 2317 imputate,
748 2246 829 2319 quod
853 2246 937 2302 feci·
957 2247 1046 2302 Justa
1067 2247 1147 2301 enim
1168 2247 1228 2302 suit

178 2357 245 2399 mea
266 2339 355 2395 nimis
377 2339 555 2394 commotio.
1221 2335 1224 2342 '

247 2432 304 2487 Sed
324 2447 404 2486 nunc
430 2430 533 2501 pejora
554 2433 660 2509 audio,
680 2436 748 2506 quia
765 2434 845 2492 idem
865 2434 914 2490 ille
932 2433 1026 2490 homo
1048 2433 1159 2505 passim
1178 2451 1228 2489 ma

178 2525 311 2596 divulgat
327 2525 482 2598 perjurum
505 2534 536 2579 et
555 2525 712 2596 infamem,
737 2528 840 2584 nescio
862 2544 920 2600 qua
941 2528 1103 2582 autoritate
1119 2507 1226 2583 fretus.

177 2621 267 2690 Rogo
288 2627 387 2688 autem
407 2634 481 2686 vos,
500 2627 534 2673 ut
552 2620 602 2690 qui
620 2620 685 2689 ejus
706 2637 742 2679 cs
759 2621 920 2677 obstruere
935 2618 1072 2688 (timeo)
1092 2636 1153 2673 non
1171 2637 1226 2692 po.

178 2715 283 2783 testis,
300 2713 407 2769 saltem
429 2711 595 2782 abstinete,
615 2723 645 2768 et
663 2714 736 2768 alios
756 2732 771 2769 a
794 2715 897 2770 verbis
918 2715 982 2784 ejus
999 2714 1150 2768 abstinere
1172 2714 1226 2768 do.

178 2809 281 2865 certis.
315 2807 387 2864 Non
407 2806 486 2861 enim
509 2806 577 2861 ideo
603 2823 671 2862 aum
693 2807 852 2880 perjurus,
881 2809 950 2878 quia
974 2807 1042 2862 alibi
1066 2815 1226 2878 promotus

178 2920 256 2966 sum,
292 2901 354 2966 Scit
371 2902 450 2963 enim
465 2908 590 2981 utraque
610 2900 810 2970 Universum,
829 2912 860 2957 et
876 2918 932 2957 vos
948 2915 1070 2967 omues,
1092 2900 1172 2971 quod
1190 2902 1223 2967 a)

178 2994 358 3069 principium
375 2994 405 3049 iu
421 2992 567 3062 Bibliam,
584 2995 615 3057 in
628 3011 690 3066 quo
715 2994 836 3050 solitum
861 3005 907 3050 est
924 2994 1048 3064 jurare,
1074 2991 1224 3048 Erfurdia

178 3107 241 3146 noa
267 3088 348 3143 feci:
375 3103 432 3142 nec
459 3102 526 3141 sum
547 3086 622 3142 mihi
643 3087 784 3142 comcius
805 3087 895 3142 ullius
916 3087 1080 3156 juramenti
1101 3086 1133 3141 ia
1156 3094 1224 3142 toto

179 3197 271 3239 cursu
296 3197 366 3237 meo
398 3179 479 3236 lacti.
527 3177 569 3235 Et
592 3179 772 3251 principium
794 3178 835 3250 b)
859 3181 1074 3235 sententiarum
1103 3179 1225 3251 quidem

177 3275 327 3333 Erlttraliae
341 3272 419 3340 ieci,
437 3288 486 3332 me
501 3271 631 3342 jurasse,
654 3273 760 3340 credo,
778 3273 861 3344 quod
879 3289 940 3328 non
958 3271 1116 3328 affirmabit
1137 3273 1224 3328 ullus.

179 3367 262 3442 Quid
282 3375 381 3431 autern
405 3364 441 3426 ael
463 3364 654 3427 autoritatem
674 3366 872 3439 precipientis
895 3379 926 3421 et
945 3367 1127 3441 requirentis
1152 3364 1227 3425 ube.

179 3460 320 3515 dientiam
335 3473 375 3512 ex
392 3473 441 3513 me
457 3458 612 3518 auditurus
632 3461 670 3521 sit
688 3460 838 3532 Magister
851 3459 967 3539 Nethin
976 3499 988 3530 ,
1005 3476 1062 3521 suo
1086 3470 1226 3536 tempora

178 3555 259 3613 forte
279 3551 403 3608 videbit.

245 3647 343 3718 Igitur
370 3647 476 3718 optimi
499 3647 629 3721 Patres,
658 3652 725 3708 linc
748 3652 816 3708 ideo
837 3651 961 3723 scribo,
986 3652 1068 3724 quod
1090 3665 1153 3706 non
1175 3666 1225 3705 ma

179 3742 327 3805 aestiment
368 3741 581 3800 Erfurdienses
628 3745 755 3802 Domini
796 3747 949 3815 Theologi
1000 3756 1226 3803 contemtorem

232 3968 255 4011 a)
270 3958 367 4009 Aurlt
382 3962 398 4010 τ
411 3959 450 4015 in,
467 3961 558 4010 uetaret
575 3963 696 4014 testeiam
710 3963 745 4017 ra.

234 4044 257 4094 bs
274 4037 372 4085 luris.
389 4038 412 4083 ia
428 4040 560 4109 prine'pio,
578 4042 708 4097 lttlttbait.
