2574 4732
140 331 215 398 am
254 290 261 352 Γ
625 321 734 386 1520..

142 497 302 552 utramque
322 482 475 551 speeiem,
494 495 586 550 quam
603 481 661 534 neo
674 479 753 550 juni
772 478 946 536 sumendam
962 495 1020 535 nee
1041 479 1204 550 prohibui,

143 581 228 636 siout·
240 576 365 648 ipsimet
379 574 555 630 scholastici
575 590 698 645 quoqne
714 575 896 629 dootternnt.

211 671 261 726 De
278 670 433 741 parentela
450 684 516 725 mea
527 682 624 723 :nemo
643 669 758 723 oertiua
775 662 916 737 'reseret,
943 684 1033 740 quam
1059 667 1205 724 Comites

63 829 66 836 ,
143 760 519 822 Maneleldanee'st'crerlo
538 763 603 818 hoo·
617 763 729 817 heroas
748 772 865 818 tantam
881 761 995 817 habere
1015 772 1046 818 et
1066 763 1204 820 nominis

145 873 176 915 et
198 857 368 927 autoritatis
385 859 417 912 io
436 855 581 928 imperio,
606 865 641 910 tat
662 856 692 910 in
710 857 769 912 hae
787 874 820 912 re
837 868 1012 912 mereantur
1027 856 1083 912 eibi
1102 857 1202 912 credi.

145 955 290 1024 Saepicor
312 953 375 1007 hoo
392 961 599 1005 commentam
616 951 892 1013 -easeeeminatnm
918 963 958 1004 ex
980 951 1204 1007 Ocheenfartio

145 1049 294 1115 theologo
314 1047 471 1118 L'ipaanal,
492 1047 544 1116 qni
559 1053 597 1099 et’
608 1042 737 1099 Eeeimn
755 1045 893 1100 oeoisnm
911 1044 1082 1110 effinxerat,
1100 1044 1205 1100 nostri

147 1141 470 1213 explorandi‘grariat-
485 1140 582 1194 homo
599 1138 673 1192 satie
693 1138 851 1208 impatiens
871 1154 931 1193 sota
949 1147 981 1192 et
1001 1138 1130 1193 aliorum
1147 1155 1206 1210 pa.

147 1239 211 1305 eie,
231 1225 483 1307 palataass'n‘biqoe
498 1226 632 1300 nocere‚'
647 1232 854 1299 miserrimae,
880 1249 936 1287 neo
960 1243 1069 1302 potent
1087 1242 1206 1291 tamen.

218 1331 366 1384 Caeterum
384 1344 440 1397 ego
458 1338 545 1382 natue
564 1342 631 1382 atam
650 1326 681 1381 in
697 1324 857 1388 Eieleben.
875 1324 1102 1399 baptismusque
1122 1330 1222 1399 apud*

149 1424 177 1478 8.
196 1414 470 1479 Petrimntnaenn:
500 1423 649 1477 Horonon
669 1421 807 1488 memini,
835 1422 887 1475 sed
909 1421 1081 1492 parentibus
1098 1429 1130 1476 et
1151 1439 1207 1494 pn.

148 1519 213 1572 triae
235 1517 408 1572 hominibus
423 1518 533 1585 ¹credo.
569 1515 717 1572 Parentes
734 1515 794 1569 mei
814 1515 850 1568 de
872 1531 967 1586 prope
986 1515 1112 1570 Isenaco
1130 1517 1206 1570 illue

98 1658 102 1664 .
148 1611 324 1677 migrarunt.
373 1598 530 1667 laenac'um
559 1609 638 1682 enim
664 1625 747 1681 paene
771 1619 867 1665 totam
895 1610 1077 1680 parentelam
1102 1625 1206 1665 meam

148 1704 257 1760 habet:
277 1714 307 1759 et
329 1705 389 1760 illie
410 1705 508 1761 abeis
527 1721 593 1761 aum
615 1707 730 1772 agnitus
751 1713 782 1759 et
804 1704 897 1760 hodie
916 1714 1023 1772 notus,
1043 1720 1112 1757 cum
1131 1722 1207 1775 qua.

64 1806 67 1811 '
149 1798 287 1855 tlriennio
315 1799 375 1855 illio
400 1798 495 1856 literis
526 1815 648 1871 operam
672 1800 817 1855 dederim.
857 1797 926 1854 Neo
951 1798 1010 1852 ulla
1029 1798 1136 1853 civitas
1154 1816 1206 1854 me

150 1894 301 1947 notiorem
324 1893 381 1948 sibi
403 1894 506 1950 habet.
547 1894 641 1968 Spero
665 1903 768 1951 nutem
791 1910 852 1949 non
873 1893 966 1948 fuisse
990 1903 1050 1948 tam
1074 1893 1208 1963 stultos,

151 1997 185 2041 ut
208 1986 334 2042 Lutheri
364 1988 475 2056 filiurn,
502 1987 577 2042 olins
604 1997 767 2058 nepotem,
793 1988 867 2059 aliae
893 1988 1098 2054 avunculum,
1129 1989 1209 2043 alins

152 2081 370 2136 consobrinum
399 2081 524 2151 (quales
553 2080 594 2135 ibi
621 2080 741 2136 'multoe
768 2080 891 2148 habeo)
921 2081 978 2137 sibi
1006 2083 1151 2149 duceret,
1180 2085 1209 2139 si

153 2185 268 2244 patrem
297 2184 328 2229 et
348 2183 484 2249 matrem
508 2174 642 2230 Boemoe
667 2182 698 2231 et
718 2174 820 2241 alios,
846 2190 937 2247 quam
963 2174 1039 2245 apud
1063 2189 1117 2227 eos
1143 2178 1210 2232 nati

152 2274 241 2330 aunt,
275 2265 415 2339 scissent.
438 2242 744 2339 ,vReliquurn'ratatia
771 2267 801 2321 in
830 2266 930 2323 studio
957 2275 987 2320 et
1017 2270 1211 2324 monasterio

151 2355 342 2412 Erfurdiensi
368 2358 485 2428 peregi,
512 2374 609 2428 neque
636 2361 677 2414 od.
699 2359 971 2427 Wittembergam:
1002 2356 1208 2427 magdeburgi

154 2451 243 2507 etiam
261 2466 322 2507 uno
345 2468 440 2518 anno,
461 2463 570 2523 quarto
588 2453 708 2510 deamo
728 2452 845 2508 scilicet
863 2455 978 2520 antarii,
998 2454 1052 2506 lui.

224 2546 323 2600 Habes
349 2548 439 2601 vitam
459 2562 557 2600 meam
582 2557 614 2600 et
633 2548 832 2617 parentelam:
860 2548 969 2602 vellem
991 2559 1102 2611 autem,
1125 2549 1213 2608 sicut

156 2640 297 2696 Christus
322 2658 426 2695 coram
450 2641 571 2695 llerode
593 2652 623 2696 et
645 2644 752 2709 Anna,
776 2643 855 2696 hanc
877 2657 942 2694 rem
961 2642 1076 2708 taceri,
1105 2650 1138 2694 ut
1162 2644 1212 2696 su.

156 2747 257 2790 rentes
281 2736 420 2790 homines
443 2752 510 2792 sese
532 2737 617 2805 digna
639 2738 814 2802 crederent,
840 2736 937 2790 donea
959 2735 1140 2790 erubescant
1157 2737 1214 2791 nli.

158 2831 301 2901 ‹ptantlo.=
325 2829 490 2886 Generatio
513 2844 577 2898 est,
604 2849 669 2900 qnae
688 2848 745 2885 nee
766 2839 855 2884 cantu
872 2846 929 2883 nec
949 2830 1033 2883 luctu
1048 2840 1211 2899 movetur,

158 2924 206 2977 oui
227 2925 337 2977 frustra
359 2926 519 2994 quaritur,
539 2936 572 2980 ut
591 2928 687 2997 prosit
706 2926 784 2979 ullus
803 2924 971 2978 hominum.

226 3017 290 3070 Hac
310 3017 385 3071 horn
406 3019 508 3073 literas
531 3030 595 3073 tuas
617 3020 719 3090 accepi
743 3019 778 3073 de
806 3017 917 3075 Carolo
946 3018 1088 3080 Minnio,
1117 3036 1212 3090 quern

159 3109 267 3164 scribis
282 3112 420 3179 jurasse,
439 3129 487 3166 me
507 3129 566 3167 non
586 3113 680 3168 fuisse
699 3117 797 3170 visum
814 3113 881 3169 sibi.
917 3113 979 3167 Cur
1001 3131 1073 3182 ergo
1091 3117 1212 3170 tonsori

161 3204 305 3271 Andrean,
326 3207 411 3261 socio
429 3207 544 3262 itineris
564 3209 628 3277 ejus
648 3209 729 3262 sacto
743 3205 776 3274 ²)
793 3224 889 3278 usque
910 3208 938 3261 in
955 3207 1118 3276 Pretisch,
1137 3225 1214 3263 con.

160 3298 258 3351 iesous
278 3299 400 3363 est.(ut
421 3299 472 3356 hic
492 3301 587 3372 palam
602 3303 730 3372 jactat),
748 3318 781 3357 se
802 3301 925 3369 vidisse,
946 3312 976 3355 et
994 3303 1116 3369 nescio,
1136 3319 1214 3374 quas

160 3390 240 3443 diros
264 3399 371 3445 contro
390 3409 438 3447 me
459 3397 631 3450 excitasse?
667 3395 723 3449 Sed
738 3396 821 3463 eine,
844 3396 1048 3463 mentiantur,
1078 3396 1214 3468 lingant,

161 3484 294 3555 sapiant,
319 3494 354 3538 ιιι
370 3498 405 3539 ιιι
422 3488 536 3542 volent.
573 3489 627 3543 Me
645 3498 750 3559 petant
771 3489 888 3545 omnia:
917 3500 1006 3561 atque
1029 3492 1143 3546 utinam
1160 3492 1216 3545 lie.

163 3591 226 3648 ret,
253 3580 332 3647 cito,
356 3595 415 3650 quo
435 3597 450 3633 ι
469 3581 585 3648 legendi
609 3593 639 3637 et
664 3583 790 3639 docendi
814 3583 914 3637 officio
934 3585 1081 3641 solverer.
1124 3584 1226 3641 Nihil·

164 3675 242 3728 enim
262 3691 345 3745 neque
371 3676 500 3744 optarim
527 3676 692 3746 (quantum
716 3679 745 3733 in
764 3693 812 3731 me
838 3679 918 3749 eet).
956 3679 1093 3751 Quodsi
1118 3680 1216 3752 persi.

164 3771 302 3823 stondutn
317 3779 364 3825 est
382 3769 411 3824 in
425 3770 576 3832 docendo,
591 3772 632 3827 mi
649 3771 812 3843 Spalatine,
831 3789 891 3828 non
905 3774 1037 3844 intelligo
1052 3774 1215 3833 eonsilium

219 3998 249 4047 a)
279 3991 339 4042 ιιιιῐι
363 3994 538 4045 nearnnaare
561 3993 698 4050 coniectat.
725 3996 828 4044 miris.
849 3998 928 4045 socius
954 4024 981 4032 -
1007 3997 1092 4046 factet
1117 3998 1139 4048 ιί
1161 3995 1216 4044 nno

163 4070 237 4115 Cari.
255 4071 269 4122 J
278 4084 322 4118 en.
939 4070 941 4073 ’
