2574 4732
557 317 648 384 1520.
1078 326 1138 395 595

94 489 125 536 et
148 487 274 546 meino,
304 495 342 533 ne
361 476 471 546 revera
490 478 607 549 plurimi
631 479 735 531 eorum
757 480 832 546 sint,
861 490 890 535 et
909 469 1033 538 nimium
1055 484 1154 541 serio·
1226 539 1229 544 ,

93 574 196 629 vicarii
215 575 289 643 ejus.
326 572 462 627 Vicarius
481 569 560 625 enim
580 571 710 626 absentie
728 571 875 642 Principis
894 586 948 630 est.
993 576 1086 652 Quod
1104 581 1136 634 ‘si

92 667 237 724 Pontifex
262 666 385 720 absente
412 665 557 731 Christo,
585 675 615 719 et
633 682 694 720 non
712 665 895 720 inhabitante
913 669 942 721 in
961 673 1053 726 corde
1072 673 1137 742 ejus

94 763 207 834 praesit:
234 761 305 831 quid
323 761 416 825 aliud,
436 759 524 830 quarn
543 760 672 814 vicarius
690 758 805 821 Christi
826 762 895 815 est?
926 764 965 815 At
985 766 1053 835 quid
1072 778 1141 822 tum

27 837 33 853 ¹
94 855 143 910 illa
166 854 323 922 Ecclesia,
350 854 406 909 niel
430 854 591 908 multitudo
618 853 681 906 sine
709 852 832 908 Christo
858 860 926 910 esti
957 855 1137 927 Quidvero

57 960 62 967 '
95 950 162 1005 talis
180 949 382 1009 vicariusnisi
401 947 604 1002 Antichristus
623 956 653 1000 et
671 947 783 1018 idolum
802 948 866 1002 est?
886 948 1008 1022 Quanto
1027 954 1140 1009 rectius

95 1042 253 1114 Apostoli,
272 1025 327 1113 'qui
353 1058 385 1096 se
400 1029 427 1112 ¹)
453 1057 560 1099 servos
583 1040 696 1096 Christi
717 1042 863 1113 appellant
881 1046 1053 1115 praesentis,
1080 1063 1140 1103 nou

96 1137 226 1192 vicarios
245 1136 384 1192 absentis.
729 1144 731 1148 ⁴

165 1231 325 1302 Impudens
344 1231 425 1284 forte
444 1245 535 1298 sum,
561 1235 674 1284 tantum
694 1230 840 1287 verticem
861 1232 944 1289 visus
968 1234 1097 1304 docere,
1123 1254 1140 1292 a

97 1341 158 1397 quo
178 1325 281 1379 doceri
299 1339 405 1379 omnes
423 1331 565 1394 oportet,
584 1333 629 1389 et,
649 1325 726 1378 sicut
740 1325 855 1394 jactant
873 1328 1138 1398 pestilentiae'tuae,

70 1408 74 1417 ¹
97 1436 113 1472 a
132 1434 192 1489 quo
206 1417 404 1488 judicantium
421 1417 525 1472 throni
544 1417 693 1488 accipiunt
711 1423 907 1478 sententiam:
936 1424 989 1478 sed
1014 1400 1142 1480 emulor

98 1512 127 1567 S.
150 1513 336 1568 Bernardurn
366 1513 394 1566 in
421 1511 523 1567 libello
549 1513 586 1565 de
613 1511 860 1569 consideratione
891 1516 926 1569 ad
954 1516 1143 1585 Eugenium,

98 1607 178 1663 omni
203 1605 343 1662 Pontifici
373 1606 550 1659 memoriter
572 1607 739 1660 noscendo.
773 1605 882 1677 Neque
910 1608 988 1662 enim
1010 1611 1140 1669 docendi

97 1695 218 1768 studio,
256 1701 307 1754 sed
328 1716 415 1769 ,purae
437 1698 590 1770 fidelisque
615 1699 812 1754 solicitudinis
831 1700 929 1756 officio
953 1702 1016 1758 hoc
1043 1705 1143 1774 facio,

98 1811 164 1864 quaa
188 1793 270 1862 cogit
296 1809 352 1848 nos
375 1794 462 1846 etiam
490 1792 589 1847 omnia
618 1801 682 1847 tuta
706 1794 805 1848 vereri
838 1795 986 1864 proximis
1013 1801 1142 1861 nostris.

97 1905 155 1943 nec
181 1890 291 1957 patitur
311 1888 458 1941 rationem
482 1886 631 1954 diguitatis
650 1896 700 1940 aut
718 1886 897 1955 indignitatis
916 1888 1038 1960 haberi,
1069 1893 1143 1951 eolis
1218 1893 1222 1905 ’

96 1983 239 2053 periculis
263 1991 293 2037 et
323 1982 490 2037 commodis
514 1980 616 2034 alienis
638 1980 758 2034 intenta.
797 1981 872 2036 Cum
895 1984 973 2038 enim
991 1985 1085 2040 sciam
1103 1987 1143 2044 T.

98 2076 134 2131 B.
159 2076 273 2131 versari
301 2083 331 2129 et
357 2074 491 2130 fluctuari
516 2074 637 2141 Romae,
662 2074 691 2128 id
717 2084 781 2143 est,
807 2077 906 2131 medio
930 2078 1003 2132 mari
1023 2080 1144 2136 infinitis

98 2170 240 2242 periculis
258 2169 388 2238 undique
406 2179 552 2236 urgente,
579 2177 608 2222 et
627 2184 660 2221 ea
680 2177 709 2223 te
726 2170 852 2224 miseriae
871 2173 1043 2229 conditione
1062 2175 1145 2231 labo.

99 2275 232 2334 rentem,
260 2275 293 2319 ut
319 2265 408 2318 etiam
433 2264 578 2334 cujusque
600 2263 713 2318 minimi
733 2264 833 2319 fratris
852 2265 973 2324 minima
992 2285 1050 2338 ope
1069 2269 1146 2326 indi.

99 2376 186 2430 geas:
214 2375 275 2414 non
295 2359 401 2413 videor
421 2357 494 2412 mihi
519 2356 686 2424 absurdus,
712 2359 735 2412 si
760 2359 879 2414 interim
897 2359 1069 2430 Majestatis
1087 2375 1145 2420 tuto

100 2454 282 2522 obliviscar,
307 2454 378 2507 dum
402 2452 532 2509 cilicium
558 2453 712 2507 charitatis
731 2453 913 2522 implevero:
941 2457 1013 2510 nolo
1032 2457 1144 2512 adulari

100 2546 130 2599 in
148 2563 182 2601 re
200 2555 261 2600 tam
279 2546 356 2600 seria
376 2557 405 2599 et
423 2546 611 2614 periculosa,
639 2546 668 2599 in
694 2562 751 2615 qua
770 2548 794 2600 si
813 2548 928 2600 amicus
946 2564 1012 2602 esse
1031 2558 1062 2603 et
1079 2548 1146 2619 plus

101 2655 191 2709 quam
210 2637 448 2708 subjectissimus
467 2638 521 2692 tibi
541 2654 602 2691 non
619 2637 783 2705 intelligar,
802 2649 867 2704 est,
886 2639 935 2708 qui
954 2639 1097 2708 intelligat
1115 2650 1148 2698 et

96 2732 224 2803 judicet.

170 2827 205 2882 ln
224 2826 300 2892 fine,
318 2841 354 2878 ne
374 2839 486 2881 vacuus
506 2821 676 2878 advenerim
695 2821 946 2888 B.T.‚1necum
973 2826 1066 2882 affero
1085 2836 1148 2882 tra.

102 2920 247 2978 etatulum
267 2920 367 2986 huuc,
386 2918 443 2973 sub
459 2927 513 2975 tuo
531 2917 648 2972 nomine
665 2916 795 2985 editum,
813 2917 895 2973 velut
913 2921 1045 2990 auspicio
1064 2923 1168 2991 pacis.

101 3015 333 3087 componendae,
360 3024 390 3068 et
412 3012 498 3067 bonae
516 3012 597 3084 spei,
624 3011 655 3066 in
674 3027 733 3081 quo
751 3020 871 3079 gustare
890 3014 1004 3083 possis,
1024 3015 1148 3085 quibus.
1214 3084 1217 3089 y

100 3128 171 3166 nam
196 3108 301 3165 studiis
326 3124 382 3176 ego
409 3107 510 3162 malim
527 3115 557 3160 et
574 3105 688 3177 possim
709 3106 893 3161 fructuosius
920 3109 1089 3180 occupari,
1122 3110 1148 3166 si
1178 3158 1179 3161 ,

101 3221 166 3277 per.
182 3204 290 3275 impios
318 3203 487 3257 adulatores
513 3209 582 3255 tuos
609 3200 739 3267 liceret,
771 3210 801 3254 et
832 3199 979 3255 hacteuus
1003 3202 1148 3261 licuisset.

101 3294 200 3353 Parva
218 3306 346 3364 resecr,
363 3296 389 3350 si
406 3310 517 3365 corpus
532 3301 669 3364 spectes,
688 3294 741 3349 sed
757 3309 892 3364 summa,
912 3296 941 3350 ni
955 3297 1059 3362 fallor,
1080 3299 1148 3354 vita

104 3390 272 3446 christianae
301 3389 481 3461 compendio
506 3396 670 3457 congesta,
697 3389 722 3443 si
743 3390 920 3444 senteutiam
940 3402 1051 3463 captes.
1087 3392 1150 3448 Nc.

106 3500 164 3557 que
183 3483 282 3538 habeo
306 3500 418 3554 pauper
437 3483 536 3544 aliud,
564 3498 625 3553 quo
651 3482 817 3551 gratificer,
845 3500 903 3539 nec
929 3495 962 3540 tu
985 3487 1041 3543 alio
1061 3502 1158 3565 εμε,ι
1192 3500 1196 3505 ·

105 3594 194 3651 quam
216 3577 359 3649 spirituali
383 3579 464 3634 dono
489 3577 599 3647 augeri.
642 3576 714 3651 Quo
738 3586 768 3633 et
789 3592 837 3632 mc
858 3579 955 3650 ipsum
972 3578 1149 3636 Paternitati

106 3686 136 3728 et
149 3673 184 3728 B.
201 3681 258 3727 tuae
275 3673 471 3739 commendo,
490 3688 580 3743 quam
596 3664 748 3727 Dominus
765 3670 858 3728 denus
877 3683 979 3728 servet
997 3673 1027 3727 in
1044 3688 1152 3743 perpe.

105 3777 202 3835 tuum,
218 3766 324 3826 Amen.
343 3764 581 3835 Wittembergae,
597 3783 674 3822 auno
686 3765 834 3836 MDXX,
853 3776 940 3824 sextu
954 3766 1150 3839 Septembris.

109 3936 629 3965 ——-——-r—-›-

160 4055 186 4112 1)
216 4053 319 4103 horit.
337 4067 418 4103 serres
433 4056 489 4106 chr.
505 4068 540 4107 ce.
