2574 4732
170 332 232 397 2³2
647 325 740 393 161⁸.
812 360 815 367 ·

170 485 296 558 impium
319 489 409 557 atque
428 497 607 555 perversum
625 498 712 553 ease,
739 483 817 555 apud
838 482 942 545 Deum
962 494 995 542 et
1012 485 1139 545 sanctos
1158 488 1225 545 ima·

169 582 291 656 plorare
309 577 484 640 tantundem
500 593 550 642 ea,
568 593 634 650 qna
650 577 791 651 corporis
811 587 902 647 sunt,
918 577 992 637 nihil
1011 595 1137 657 prorsus
1162 599 1215 639 cu.

169 691 239 731 rare
263 688 314 749 ea,
338 686 405 745 quae
427 671 530 728 anime
557 679 589 727 rt
612 670 733 741 alatis,
760 671 823 728 imo
846 671 1008 733 voluntatis
1031 673 1090 733 Dei
1120 683 1212 733 sunt:

170 767 256 841 quari
270 765 355 823 obliti
368 773 419 824 aut
436 764 581 825 increduli
597 764 692 825 simus
705 763 790 822 verbi
809 765 891 838 ejus,
909 768 960 843 qai
976 768 1065 826 dicit:
1082 769 1213 843 prinum

170 861 296 934 querite
320 875 447 931 regnum
465 858 542 927 Dei,
567 867 600 915 et
615 858 681 916 hac
698 860 799 917 omuia
819 860 995 933 aluicieatur
1013 860 1111 919 robis.
1145 861 1213 921 Into

170 955 284 1026 ubique
303 952 442 1015 Christus
461 969 617 1025 corpora,
632 962 664 1009 et
688 967 744 1020 ea,
768 967 833 1025 qua
856 954 996 1026 corporis
1016 964 1103 1025 sunt,
1117 962 1153 1012 ut
1168 955 1215 1013 ri-

168 1050 282 1106 lissima
301 1058 496 1106 contemnere
517 1047 618 1105 dccet.
659 1045 765 1121 Quare
781 1043 807 1103 si
829 1045 946 1107 licitum
962 1057 1009 1105 est
1025 1047 1073 1105 illa
1089 1056 1214 1125 petere,

169 1143 228 1200 illis
252 1140 460 1198 tantummodo
482 1139 715 1211 permittendum
737 1147 801 1210 est,
825 1141 876 1213 qui
902 1141 1072 1217 imperfecti
1094 1143 1216 1199 suntin

169 1234 244 1300 ilde,
271 1246 302 1317 9².
320 1234 411 1302 magis
431 1232 543 1303 degunt
558 1231 617 1290 sub
634 1231 729 1291 Mose
747 1249 838 1305 quam
857 1233 915 1290 snb
932 1234 1066 1292 Christo·
1112 1233 1216 1310 Quare

170 1330 324 1388 toleranda
342 1328 550 1385 tantummodo
569 1343 618 1383 res
638 1335 685 1383 est
701 1326 768 1383 talia
780 1326 962 1383 Sanctorum
975 1328 1074 1384 cultus
1090 1336 1218 1400 propter

170 1425 321 1490 infirmos,
341 1438 403 1479 non
424 1430 526 1483 autem
546 1420 739 1491 extollenda,
764 1419 849 1476 velut
869 1436 919 1478 rea
938 1419 1109 1491 dignissima
1128 1421 1219 1477 Chri.

170 1524 264 1574 suana
281 1517 352 1572 vita.
387 1517 429 1572 At
445 1532 527 1571 nunc
546 1516 632 1584 vade,
656 1514 680 1571 si
700 1513 780 1569 ullus
801 1513 981 1571 Sanctorum
996 1515 1026 1570 in
1044 1516 1158 1587 populo
1177 1517 1217 1572 sit

171 1611 300 1667 celebris
315 1619 441 1682 propter
455 1610 642 1679 castitatem,
659 1617 785 1682 propter
804 1609 995 1682 patientiam,
1018 1619 1143 1681 propter
1158 1611 1217 1665 hu.

170 1706 345 1774 militatem,
361 1712 487 1777 propter
507 1702 616 1769 lidem,
636 1718 740 1777 spem,
758 1704 935 1761 charitatem
953 1713 984 1760 et
1004 1712 1111 1760 cetera
1130 1705 1217 1774 spiri.

88 1822 92 1829 ·
170 1800 261 1855 tualia
280 1798 361 1855 bona
382 1798 587 1871 impetranda:
618 1815 680 1856 noa
702 1800 758 1856 ista
781 1809 973 1871 quaeruntur,
997 1815 1053 1854 neo
1069 1796 1217 1854 habemus

171 1895 299 1949 Sanctus
322 1893 420 1961 ullos,
440 1892 476 1946 ad
497 1908 575 1963 qnos
595 1874 716 1948 illorum
733 1895 828 1964 gratia
848 1893 918 1949 liant
935 1907 1124 1950 concursant
1150 1891 1218 1946 aedi.

170 1986 299 2042 licentur
313 1984 476 2052 Ecclesia,
495 1993 619 2054 agantur
633 1986 742 2043 divina.
778 1987 892 2042 Varum
911 1995 1034 2059 propter
1049 1987 1147 2056 ignem
1166 2004 1219 2040 co.
1261 2031 1266 2037 .

170 2081 243 2135 litnr
264 2066 294 2137 S.
318 2077 507 2137 Laurentius.
531 2086 657 2151 propter
676 2087 792 2154 pestem
814 2078 1027 2137 Sebastianus:
1046 2078 1219 2135 Martinus»

171 2178 202 2225 et
219 2169 339 2227 tandem
354 2169 474 2241 ignotus
493 2171 583 2228 eham
599 2170 631 2226 S.
647 2169 788 2231 Roehius
802 2179 928 2242 propter
948 2179 1170 2242 paupertatem:
1188 2171 1219 2226 S..
1263 2228 1265 2233 ,

169 2264 257 2318 Anna
276 2277 346 2318 eum
366 2276 475 2330 genere
494 2277 572 2332 suo,
590 2271 622 2319 et
638 2263 725 2319 hesta
741 2263 836 2334 Virgo
854 2270 979 2334 propter
997 2261 1091 2319 multa
1106 2271 1137 2317 et
1153 2261 1217 2334 plu.
1241 2303 1244 2314 .

170 2356 267 2411 rima:
298 2354 327 2410 S.
351 2354 525 2412 Valentinus
548 2363 674 2426 propter
700 2357 849 2414 caducum
870 2355 1037 2410 morbum:
1069 2354 1132 2409 Job
1161 2370 1216 2425 pro

171 2449 272 2507 scabie
291 2448 425 2506 Gallica:
443 2448 486 2504 sic
503 2447 707 2519 Scholastica,
724 2450 876 2514 Barbara,
896 2447 1075 2517 catharina,
1092 2447 1218 2520 Apollo.

171 2545 232 2610 nia,
244 2543 372 2613 denique
386 2550 538 2615 quotquot
549 2542 724 2602 Sanctarum
736 2554 806 2602 sunt
816 2544 972 2611 celebres,
992 2559 1049 2614 pro
1067 2543 1217 2613 corporali

171 2637 380 2696 tantummodo
402 2636 497 2691 salute
515 2646 587 2692 sunt
613 2638 765 2708 celebres,
791 2649 821 2694 et
842 2640 882 2694 ita
903 2636 1062 2707 celebres,
1087 2633 1118 2690 ut
1137 2638 1220 2707 Apo.

173 2733 260 2789 stolis
279 2731 339 2788 sint
358 2731 470 2801 praelati
487 2731 517 2785 in
534 2731 616 2790 cultu
631 2741 661 2788 et
677 2733 776 2789 officio
794 2733 934 2803 pietatis,
951 2729 1043 2784 lutari
1065 2727 1219 2795 scilicet²>

173 2826 385 2896 ingratissimi,
408 2826 432 2880 si
452 2825 661 2897 corporalibus
682 2828 780 2883 nullus
803 2836 923 2896 egeret,
953 2824 1000 2879 vel
1031 2823 1055 2879 si
1085 2833 1219 2878 contem.

173 2929 280 2976 nerent
301 2919 480 2990 corporalia.
523 2918 586 2974 Cur
606 2922 685 2975 enirn
706 2922 735 2976 S.
756 2921 883 2979 Paulum
909 2936 969 2974 non
990 2918 1080 2973 etiam
1100 2919 1221 2973 invoca.

174 3031 264 3072 mus,
283 3014 482 3069 nemoriatur
498 3015 594 3068 anima
610 3016 640 3070 in
656 3015 769 3071 Christi
784 3015 968 3085 ignorantia?
987 3012 1069 3067 Sicut
1083 3012 1111 3066 S.
1132 3011 1221 3065 Chri.

174 3107 341 3178 stophorus
361 3122 416 3177 pro
435 3107 498 3162 risu
518 3106 620 3164 nescio
643 3124 704 3180 quo
725 3117 878 3166 nocturno
900 3108 1067 3162 invocatur.
1108 3105 1220 3174 Tales,

174 3198 307 3271 inquam,
324 3198 349 3253 si
366 3205 436 3253 sunt
450 3197 574 3270 infirmi,
592 3210 662 3256 sunt
677 3201 843 3260 tolerandi:
863 3209 893 3257 et
914 3199 1052 3265 tandem,
1070 3208 1103 3253 ut
1115 3199 1221 3254 auelius

175 3291 311 3362 sapiant,
340 3301 371 3347 et
388 3291 549 3362 spiritualia
566 3303 668 3365 petant
687 3295 897 3367 corporalibus
920 3292 1081 3349 contemtis
1091 3331 1101 3362 ,
1137 3292 1223 3349 insti.

176 3385 291 3451 tuendi,
307 3400 345 3461 ne
362 3399 481 3458 semper
496 3387 579 3455 pueri
595 3388 689 3445 simus
705 3387 876 3455 subMoss,
894 3386 947 3441 sed
960 3384 1118 3458 aliquando
1133 3384 1222 3441 Chri.

176 3488 257 3533 stum
279 3477 369 3533 etiam
396 3477 664 3548 apprehendamus.
702 3481 732 3538 si
759 3489 858 3538 autem
879 3487 948 3537 sunt
971 3476 1106 3533 melioris
1131 3477 1220 3545 fidei,

177 3571 318 3640 arguendi
343 3578 429 3639 sunt,
454 3573 536 3641 quod
553 3590 615 3630 non
633 3575 766 3645 digniora
787 3581 919 3647 querant
932 3571 981 3639 b).
1016 3571 1111 3639 Igitur
1133 3586 1220 3626 error

176 3673 234 3733 est,
253 3664 334 3736 quod
353 3664 530 3719 Sanctorum
550 3667 698 3723 culturam
713 3681 928 3739 promovemus
943 3680 997 3738 per
1012 3665 1138 3722 timores
1157 3682 1223 3721 mn.

175 3760 278 3824 lurum
308 3766 339 3815 et
373 3755 550 3829 cupiditates
582 3757 735 3817 bonorum
771 3760 989 3839 temporalium,
1034 3759 1106 3819 Non
1141 3762 1221 3817 enim

180 3903 701 3919 *m

231 3980 259 4026 ι)
287 3975 357 4023 carl.
373 3974 441 4028 len.
457 3983 520 4024 runt.

233 4055 265 4109 b)
291 4055 362 4103 ech
382 4054 448 4108 len.
463 4063 582 4114 quarunt.
