2574 4732
161 314 220 376 tte
637 308 726 374 151⁸.

158 467 223 523 fieri
239 483 275 522 ac
292 465 396 538 perfici
410 471 523 538 potest.
558 463 607 521 Sic
627 467 706 522 enim
723 464 890 522 suavissimi
906 465 1064 532 homiues,
1082 467 1208 523 crassis.

159 562 233 617 sima
249 561 357 616 astutia
375 560 621 627 instructi,cum
636 576 746 631 negare
764 576 825 616 uun
842 561 959 632 possint
980 575 1032 627 ea,
1050 575 1115 632 quaa
1133 561 1207 622 dixi,

158 653 271 723 fingunt
289 654 397 709 summi
415 652 571 709 Pontificis
584 663 764 724 potestatem
780 654 844 710 ledi
858 655 933 710 meis
946 654 1208 727 disputationibus.

226 748 297 805 Haec
316 763 363 804 est
381 765 494 815 causa,
517 748 556 804 R.
574 749 667 805 Pater
678 789 689 818 ,
715 750 800 820 quod
818 765 874 818 ego
894 765 974 805 nuuc
995 748 1156 804 inseiiciter
1177 748 1212 804 in·

158 843 310 916 pubiicum
340 845 476 915 prodeo,
509 843 561 914 qui
590 857 710 916 semper
733 838 831 914 anguli
860 853 976 899 amator
993 842 1060 908 tui,
1090 851 1121 897 et
1143 843 1211 914 ipae

159 938 271 1006 eligens
304 947 441 1010 spectare
477 937 715 1008 pulcherrimum
736 947 843 994 nostro
877 937 998 992 mesula
1020 936 1210 1006 ingeniorum

142 1031 261 1087 *ludum
280 1033 392 1102 magis,
423 1047 513 1101 quam
541 1030 670 1102 spectari
696 1040 728 1086 et
754 1031 914 1098 videri⁰):
938 1033 990 1088 sed
1016 1033 1072 1097 (ut
1093 1031 1210 1098 vulso)

73 1166 76 1175 .
159 1136 283 1195 oportet
303 1129 344 1189 ετξ
355 1127 548 1182 corchorum·
565 1125 643 1180 inter
667 1126 750 1182 olera
774 1124 895 1194 videri,
931 1135 963 1182 et
981 1127 1099 1195 nigrum
1116 1126 1210 1183 statui

158 1219 238 1277 iuter
258 1222 341 1287 elba,
359 1221 479 1274 decoris
501 1219 620 1275 scilicet
638 1229 668 1273 et
687 1220 806 1276 veneria
825 1221 944 1289 gratia.-

227 1313 317 1382 Rogo
342 1314 459 1382 itaque,
488 1315 542 1368 has
570 1327 652 1366 meas
679 1314 802 1382 ineptias
824 1314 986 1384 suscipias,
1008 1322 1041 1369 et
1064 1329 1123 1384 qua
1143 1312 1207 1369 [ieri

157 1416 259 1479 potest
274 1406 434 1467 industria,
458 1406 494 1461 ud
515 1407 661 1477 optimum
674 1406 1026 1475 Pontificem,·Leouem
1044 1407 1205 1469 decimum,

158 1501 361 1567 transmittas,
389 1513 422 1555 ut
446 1502 506 1556 sint
530 1499 569 1555 ibi
589 1501 663 1555 mihi
685 1503 829 1559 adversus
846 1504 944 1558 studia
965 1503 1212 1571 malignantium,

147 1581 227 1650 uice
252 1594 376 1665 alicujus
398 1595 558 1666 paracleti:
584 1613 645 1650 non
667 1597 748 1666 quod
769 1609 798 1652 te
818 1597 891 1654 mibi
911 1596 1051 1667 conjungi
1073 1596 1210 1667 periculo

160 1689 270 1754 veiim3
289 1703 359 1744 meo
375 1689 469 1746 solius
488 1691 625 1760 periculo
643 1690 708 1748 haec
727 1693 823 1761 egisse
845 1691 928 1750 venio.
970 1690 1110 1746 Christus
1126 1692 1210 1745 vide.

158 1781 227 1852 rit,
258 1800 350 1840 suane
373 1786 433 1840 siut
459 1801 494 1853 an
516 1799 606 1854 meu,
640 1802 706 1857 qum
730 1787 815 1843 dixi:
852 1781 916 1842 siue
939 1768 1026 1856 c'ujtta
1053 1795 1128 1841 nutu
1153 1791 1211 1841 uec

160 1879 271 1932 summi
293 1877 450 1934 Pontificio
480 1894 581 1934 sermo
610 1889 657 1936 ast
680 1881 709 1936 iu
733 1882 831 1951 lingua
853 1882 938 1954 eJua,
955 1898 1015 1937 nec·
1038 1898 1094 1936 cor
1117 1879 1209 1949 Regia

156 1969 190 2025 in
214 1986 304 2025 manu
326 1988 389 2026 sua.
429 1971 518 2034 Hunc
542 1973 621 2029 enim
647 1984 776 2048 expecto
790 1975 926 2045 judicem
949 1975 1209 2032 cilumauresda

156 2064 419 2136 pronunciantem,
867 2112 872 2122 ,

227 2157 376 2212 Craterum
398 2159 566 2216 minacibus
586 2161 643 2215 iiiia
665 2160 742 2215 meis
762 2160 865 2216 aue'eis
891 2161 975 2215 nihii·
992 2160 1091 2217 babeo
1119 2162 1208 2230 >qaut
1266 2166 1269 2171 '

155 2249 372 2318 respondeam,
398 2252 454 2308 uisi
468 2252 540 2311 iliud
560 2251 827 2308 Reuehiinianums
845 2254 898 2324 qni
915 2268 1027 2324 pauper
1047 2263 1112 2318 est,
1127 2252 1202 2307 nibil

158 2342 263 2410 timet,
288 2344 361 2400 nibil
383 2354 484 2415 potest
509 2347 647 2418 perdere.
700 2345 763 2400 Res
794 2362 852 2400 nec
878 2345 977 2402 babeo
1008 2362 1066 2400 uec
1097 2343 1205 2415 cupio:

159 2435 269 2495 famam
283 2447 314 2494 st
328 2439 488 2508 honorem,
508 2440 533 2494 si
550 2438 653 2508 habui,
672 2439 790 2495 assidue
803 2440 1008 2511 uuucpardit.
1029 2439 1079 2511 qai
1092 2440 1204 2511 perdit.

159 2528 259 2587 Unum
278 2543 431 2601 superest,
457 2533 608 2590 imbecille
632 2547 664 2590 st
685 2534 809 2589 assiduis
832 2534 986 2602 fatigatam
1004 2533 1207 2589 bemmodia

40 2617 41 2620 '
161 2629 394 2698 corpusculum:
421 2628 549 2699 quodsi
571 2645 628 2699 qua
652 2629 681 2684 vi
702 2630 749 2683 vei
769 2627 840 2684 doto
860 2627 1038 2683 abstulerint
1051 2628 1105 2696 (iu
1118 2627 1208 2683 obss.

157 2722 274 2792 quium.
282 2721 342 2781 Dai
351 2727 375 2790 ),
395 2723 477 2779 forts
489 2720 547 2778 uua
559 2725 605 2777 rel
623 2722 737 2793 duabus
748 2723 817 2778 uitas
831 2721 921 2779 boris
933 2738 982 2777 me
996 2723 1208 2794 pauperiorem

158 2817 283 2875 sacient.
318 2799 516 2873 Sufficitmibi
529 2818 624 2873 dulcis
635 2819 790 2872 redemtor
809 2824 840 2872 et
860 2816 1041 2888 propitiator
1055 2815 1206 2871 Dominus

160 2925 248 2971 meus
272 2910 363 2968 Jesus
389 2913 546 2975 Christus,
567 2912 616 2967 cui
636 2912 779 2980 cantabo,
798 2911 937 2983 quamdiu
958 2912 1056 2967 suero.
1090 2909 1120 2965 Si
1136 2909 1207 2979 quia

159 3015 261 3062 ,autern
280 3008 410 3062 noluerit
428 3017 549 3062 cantare
563 3022 701 3067 mecum.
718 3003 789 3076 quid
806 3006 842 3060 ati
861 3007 931 3060 me?
950 3004 1060 3073 ainaim,
1080 3005 1104 3059 si
1122 3003 1206 3071 tibet,

159 3098 210 3152 trel
232 3114 344 3155 secum.
371 3101 448 3172 ipse
470 3101 623 3157 Dominus
645 3099 737 3155 Jesus
756 3107 858 3154 servet
880 3108 909 3153 ta
927 3097 960 3161 in
977 3107 1137 3164 aeternum,
1163 3096 1206 3152 mi

112 3252 116 3258 .
156 3190 253 3270 ¹,Putea
278 3195 464 3251 suavissime.
507 3194 754 3263 Wittembergaa,
773 3192 824 3248 die
851 3191 881 3247 8.
910 3187 1089 3262 Trinitatis,
1127 3196 1207 3248 anuo

158 3282 341 3349 MDXVIII·
721 3332 723 3354 ι

427 3382 620 3456 Πεοὶριιίυε,
650 3383 684 3441 1³.
702 3381 853 3442 Martinus
870 3380 1027 3443 maheru·
1039 3422 1050 3454 ,
1076 3380 1206 3454 annu.
1253 3400 1254 3403 ¹

211 3637 244 3694 a)
269 3635 339 3691 Aut·
357 3633 438 3689 naen.
465 3635 506 3692 βο
520 3634 575 3687 turb
589 3614 652 3687 v'rs
670 3636 742 3692 Jem

546 3895 841 3927 ⁴¹*-
