<?xml version="1.0" encoding="UTF-8"?>
<!DOCTYPE html PUBLIC "-//W3C//DTD XHTML 1.0 Transitional//EN"
    "http://www.w3.org/TR/xhtml1/DTD/xhtml1-transitional.dtd">
<html xmlns="http://www.w3.org/1999/xhtml" xml:lang="en" lang="en">
 <head>
  <title>
</title>
<meta http-equiv="Content-Type" content="text/html;charset=utf-8" />
  <meta name='ocr-system' content='tesseract 3.04.00' />
  <meta name='ocr-capabilities' content='ocr_page ocr_carea ocr_par ocr_line ocrx_word'/>
</head>
<body>
  <div class='ocr_page' id='page_1' title='image "./briefesendschre04luthgoog/briefesendschre04luthgoog_0264.png"; bbox 0 0 2574 4732; ppageno 0'>
   <div class='ocr_carea' id='block_1_1' title="bbox 542 338 1113 454">
    <p class='ocr_par' dir='ltr' id='par_1_1' title="bbox 542 338 1113 454">
     <span class='ocr_line' id='line_1_1' title="bbox 542 338 1113 454; baseline 0.007 -5"><span class='ocrx_word' id='word_1_1' title='bbox 542 382 631 454; x_wconf 71' lang='lat'><strong>1519.</strong></span> <span class='ocrx_word' id='word_1_2' title='bbox 856 338 864 351; x_wconf 62' lang='grc'><em>’</em></span> <span class='ocrx_word' id='word_1_3' title='bbox 1053 379 1113 453; x_wconf 76' lang='lat' dir='ltr'><strong>eat</strong></span> 
     </span>
    </p>
   </div>
   <div class='ocr_carea' id='block_1_2' title="bbox 67 534 1168 3807">
    <p class='ocr_par' dir='ltr' id='par_1_2' title="bbox 67 534 1152 1370">
     <span class='ocr_line' id='line_1_2' title="bbox 67 534 1115 620; baseline -0.007 -17"><span class='ocrx_word' id='word_1_4' title='bbox 67 544 225 620; x_wconf 61' lang='lat' dir='ltr'><strong>expressio</strong></span> <span class='ocrx_word' id='word_1_5' title='bbox 240 543 382 616; x_wconf 75' lang='lat' dir='ltr'><strong>jucunde</strong></span> <span class='ocrx_word' id='word_1_6' title='bbox 400 549 432 599; x_wconf 85' lang='lat' dir='ltr'><strong>et</strong></span> <span class='ocrx_word' id='word_1_7' title='bbox 452 548 579 616; x_wconf 75' lang='lat' dir='ltr'><strong>promte</strong></span> <span class='ocrx_word' id='word_1_8' title='bbox 594 539 771 597; x_wconf 80' lang='lat' dir='ltr'><strong>obedientia</strong></span> <span class='ocrx_word' id='word_1_9' title='bbox 784 534 898 596; x_wconf 80' lang='lat' dir='ltr'><strong>Christi</strong></span> <span class='ocrx_word' id='word_1_10' title='bbox 921 538 957 598; x_wconf 87' lang='lat' dir='ltr'><strong>ad</strong></span> <span class='ocrx_word' id='word_1_11' title='bbox 972 538 1115 610; x_wconf 89' lang='lat' dir='ltr'><strong>Patrem,</strong></span> 
     </span>
     <span class='ocr_line' id='line_1_3' title="bbox 67 633 1115 707; baseline -0.004 -10"><span class='ocrx_word' id='word_1_12' title='bbox 67 640 155 698; x_wconf 85' lang='lat' dir='ltr'><strong>simul</strong></span> <span class='ocrx_word' id='word_1_13' title='bbox 181 650 211 696; x_wconf 90' lang='lat' dir='ltr'><strong>et</strong></span> <span class='ocrx_word' id='word_1_14' title='bbox 241 639 463 696; x_wconf 73' lang='lat' dir='ltr'><strong>commendatio</strong></span> <span class='ocrx_word' id='word_1_15' title='bbox 490 653 550 693; x_wconf 82' lang='lat' dir='ltr'><strong>suaa</strong></span> <span class='ocrx_word' id='word_1_16' title='bbox 574 635 754 692; x_wconf 79' lang='lat' dir='ltr'><strong>dulcissima</strong></span> <span class='ocrx_word' id='word_1_17' title='bbox 779 633 963 698; x_wconf 60' lang='lat' dir='ltr'><strong>charitatis,</strong></span> <span class='ocrx_word' id='word_1_18' title='bbox 982 652 1040 707; x_wconf 86' lang='lat' dir='ltr'><strong>qua</strong></span> <span class='ocrx_word' id='word_1_19' title='bbox 1058 646 1115 693; x_wconf 77' lang='lat' dir='ltr'><strong>nos</strong></span> 
     </span>
     <span class='ocr_line' id='line_1_4' title="bbox 67 728 1116 802; baseline -0.006 -11"><span class='ocrx_word' id='word_1_20' title='bbox 67 735 195 791; x_wconf 87' lang='lat' dir='ltr'><strong>donatos</strong></span> <span class='ocrx_word' id='word_1_21' title='bbox 213 750 229 787; x_wconf 86' lang='lat' dir='ltr'><strong>a</strong></span> <span class='ocrx_word' id='word_1_22' title='bbox 244 733 336 790; x_wconf 87' lang='lat' dir='ltr'><strong>Patre</strong></span> <span class='ocrx_word' id='word_1_23' title='bbox 353 732 529 788; x_wconf 77' lang='lat' dir='ltr'><strong>charissime</strong></span> <span class='ocrx_word' id='word_1_24' title='bbox 544 731 742 802; x_wconf 86' lang='lat' dir='ltr'><strong>amplectatur</strong></span> <span class='ocrx_word' id='word_1_25' title='bbox 759 728 873 797; x_wconf 81' lang='lat' dir='ltr'><strong>(morlo</strong></span> <span class='ocrx_word' id='word_1_26' title='bbox 891 737 988 785; x_wconf 88' lang='lat' dir='ltr'><strong>toturn</strong></span> <span class='ocrx_word' id='word_1_27' title='bbox 1006 731 1036 786; x_wconf 86' lang='lat' dir='ltr'><strong>id</strong></span> <span class='ocrx_word' id='word_1_28' title='bbox 1053 744 1116 785; x_wconf 90' lang='lat' dir='ltr'><strong>non</strong></span> 
     </span>
     <span class='ocr_line' id='line_1_5' title="bbox 68 812 1152 895; baseline -0.006 -10"><span class='ocrx_word' id='word_1_29' title='bbox 68 845 128 885; x_wconf 79' lang='lat' dir='ltr'><strong>suan</strong></span> <span class='ocrx_word' id='word_1_30' title='bbox 145 827 283 885; x_wconf 77' lang='lat' dir='ltr'><strong>charitati</strong></span> <span class='ocrx_word' id='word_1_31' title='bbox 301 837 351 882; x_wconf 87' lang='lat' dir='ltr'><strong>aut</strong></span> <span class='ocrx_word' id='word_1_32' title='bbox 372 826 537 894; x_wconf 85' lang='lat' dir='ltr'><strong>voluntati,</strong></span> <span class='ocrx_word' id='word_1_33' title='bbox 557 824 609 881; x_wconf 88' lang='lat' dir='ltr'><strong>sed</strong></span> <span class='ocrx_word' id='word_1_34' title='bbox 630 831 758 895; x_wconf 79' lang='lat' dir='ltr'><strong>paternae</strong></span> <span class='ocrx_word' id='word_1_35' title='bbox 775 822 923 877; x_wconf 86' lang='lat' dir='ltr'><strong>voluntati</strong></span> <span class='ocrx_word' id='word_1_36' title='bbox 944 820 1117 892; x_wconf 73' lang='lat' dir='ltr'><strong>tribuatur)</strong></span> <span class='ocrx_word' id='word_1_37' title='bbox 1148 812 1152 817; x_wconf 34' lang='lat'><em>¹</em></span> 
     </span>
     <span class='ocr_line' id='line_1_6' title="bbox 68 917 1118 996; baseline -0.007 -18"><span class='ocrx_word' id='word_1_38' title='bbox 68 934 160 996; x_wconf 81' lang='lat' dir='ltr'><strong>quem</strong></span> <span class='ocrx_word' id='word_1_39' title='bbox 184 922 248 978; x_wconf 82' lang='lat' dir='ltr'><strong>vult</strong></span> <span class='ocrx_word' id='word_1_40' title='bbox 267 932 325 994; x_wconf 84' lang='lat' dir='ltr'><strong>&#39;per</strong></span> <span class='ocrx_word' id='word_1_41' title='bbox 348 936 382 977; x_wconf 89' lang='lat' dir='ltr'><strong>se</strong></span> <span class='ocrx_word' id='word_1_42' title='bbox 401 931 431 976; x_wconf 90' lang='lat' dir='ltr'><strong>et</strong></span> <span class='ocrx_word' id='word_1_43' title='bbox 449 921 478 975; x_wconf 90' lang='lat' dir='ltr'><strong>in</strong></span> <span class='ocrx_word' id='word_1_44' title='bbox 498 934 530 975; x_wconf 87' lang='lat' dir='ltr'><strong>se</strong></span> <span class='ocrx_word' id='word_1_45' title='bbox 548 917 708 988; x_wconf 79' lang='lat' dir='ltr'><strong>glorificari</strong></span> <span class='ocrx_word' id='word_1_46' title='bbox 727 927 758 972; x_wconf 87' lang='lat' dir='ltr'><strong>et</strong></span> <span class='ocrx_word' id='word_1_47' title='bbox 776 917 917 986; x_wconf 76' lang='lat' dir='ltr'><strong>agnosci,</strong></span> <span class='ocrx_word' id='word_1_48' title='bbox 942 933 978 971; x_wconf 90' lang='lat' dir='ltr'><strong>ac</strong></span> <span class='ocrx_word' id='word_1_49' title='bbox 994 917 1019 972; x_wconf 86' lang='lat' dir='ltr'><strong>si</strong></span> <span class='ocrx_word' id='word_1_50' title='bbox 1038 918 1118 972; x_wconf 84' lang='lat' dir='ltr'><strong>dice.</strong></span> 
     </span>
     <span class='ocr_line' id='line_1_7' title="bbox 69 1011 1118 1085; baseline -0.004 -13"><span class='ocrx_word' id='word_1_51' title='bbox 69 1025 134 1072; x_wconf 85' lang='lat' dir='ltr'><strong>rat:</strong></span> <span class='ocrx_word' id='word_1_52' title='bbox 162 1017 304 1085; x_wconf 82' lang='lat' dir='ltr'><strong>etsiego</strong></span> <span class='ocrx_word' id='word_1_53' title='bbox 336 1031 393 1071; x_wconf 84' lang='lat' dir='ltr'><strong>vos</strong></span> <span class='ocrx_word' id='word_1_54' title='bbox 427 1014 633 1069; x_wconf 73' lang='lat' dir='ltr'><strong>ardentissime</strong></span> <span class='ocrx_word' id='word_1_55' title='bbox 661 1013 750 1084; x_wconf 89' lang='lat' dir='ltr'><strong>cupio</strong></span> <span class='ocrx_word' id='word_1_56' title='bbox 775 1019 805 1068; x_wconf 92' lang='lat' dir='ltr'><strong>et</strong></span> <span class='ocrx_word' id='word_1_57' title='bbox 829 1011 1015 1083; x_wconf 88' lang='lat' dir='ltr'><strong>amplector:</strong></span> <span class='ocrx_word' id='word_1_58' title='bbox 1047 1011 1118 1068; x_wconf 90' lang='lat' dir='ltr'><strong>nolo</strong></span> 
     </span>
     <span class='ocr_line' id='line_1_8' title="bbox 70 1107 1122 1179; baseline -0.007 -12"><span class='ocrx_word' id='word_1_59' title='bbox 70 1119 170 1167; x_wconf 86' lang='lat' dir='ltr'><strong>tamen</strong></span> <span class='ocrx_word' id='word_1_60' title='bbox 196 1111 226 1166; x_wconf 85' lang='lat' dir='ltr'><strong>in</strong></span> <span class='ocrx_word' id='word_1_61' title='bbox 251 1111 313 1167; x_wconf 85' lang='lat' dir='ltr'><strong>hoe</strong></span> <span class='ocrx_word' id='word_1_62' title='bbox 340 1125 396 1166; x_wconf 84' lang='lat' dir='ltr'><strong>vos</strong></span> <span class='ocrx_word' id='word_1_63' title='bbox 422 1110 542 1179; x_wconf 77' lang='lat' dir='ltr'><strong>gloriari</strong></span> <span class='ocrx_word' id='word_1_64' title='bbox 568 1116 619 1164; x_wconf 88' lang='lat' dir='ltr'><strong>aut</strong></span> <span class='ocrx_word' id='word_1_65' title='bbox 641 1107 766 1174; x_wconf 77' lang='lat' dir='ltr'><strong>sistere,</strong></span> <span class='ocrx_word' id='word_1_66' title='bbox 794 1107 846 1161; x_wconf 88' lang='lat' dir='ltr'><strong>red</strong></span> <span class='ocrx_word' id='word_1_67' title='bbox 871 1115 905 1161; x_wconf 89' lang='lat' dir='ltr'><strong>ut</strong></span> <span class='ocrx_word' id='word_1_68' title='bbox 928 1119 997 1160; x_wconf 90' lang='lat' dir='ltr'><strong>eum</strong></span> <span class='ocrx_word' id='word_1_69' title='bbox 1016 1119 1122 1173; x_wconf 82' lang='lat' dir='ltr'><strong>agnos·</strong></span> 
     </span>
     <span class='ocr_line' id='line_1_9' title="bbox 71 1188 1121 1275; baseline -0.005 -16"><span class='ocrx_word' id='word_1_70' title='bbox 71 1205 202 1260; x_wconf 53' lang='lat' dir='ltr'><strong>catisfat</strong></span> <span class='ocrx_word' id='word_1_71' title='bbox 226 1205 349 1273; x_wconf 85' lang='lat' dir='ltr'><strong>ametis,</strong></span> <span class='ocrx_word' id='word_1_72' title='bbox 378 1204 464 1275; x_wconf 84' lang='lat' dir='ltr'><strong>eujus</strong></span> <span class='ocrx_word' id='word_1_73' title='bbox 488 1203 600 1275; x_wconf 87' lang='lat' dir='ltr'><strong>optima</strong></span> <span class='ocrx_word' id='word_1_74' title='bbox 623 1200 778 1255; x_wconf 77' lang='lat' dir='ltr'><strong>voluntate</strong></span> <span class='ocrx_word' id='word_1_75' title='bbox 800 1201 903 1271; x_wconf 86' lang='lat' dir='ltr'><strong>jussus</strong></span> <span class='ocrx_word' id='word_1_76' title='bbox 929 1215 986 1270; x_wconf 75' lang='lat' dir='ltr'><strong>ego</strong></span> <span class='ocrx_word' id='word_1_77' title='bbox 1004 1188 1061 1255; x_wconf 72' lang='lat' dir='ltr'><strong>ao&#39;s</strong></span> <span class='ocrx_word' id='word_1_78' title='bbox 1080 1198 1121 1255; x_wconf 83' lang='lat' dir='ltr'><strong>itt</strong></span> 
     </span>
     <span class='ocr_line' id='line_1_10' title="bbox 72 1299 247 1370; baseline -0.011 -15"><span class='ocrx_word' id='word_1_79' title='bbox 72 1299 247 1370; x_wconf 76' lang='lat' dir='ltr'><strong>amplector.</strong></span> 
     </span>
    </p>

    <p class='ocr_par' dir='ltr' id='par_1_3' title="bbox 69 1387 1168 2103">
     <span class='ocr_line' id='line_1_11' title="bbox 138 1387 1123 1462; baseline -0.003 -15"><span class='ocrx_word' id='word_1_80' title='bbox 138 1391 187 1447; x_wconf 84' lang='lat' dir='ltr'><strong>Sic</strong></span> <span class='ocrx_word' id='word_1_81' title='bbox 204 1393 282 1447; x_wconf 90' lang='lat' dir='ltr'><strong>enim</strong></span> <span class='ocrx_word' id='word_1_82' title='bbox 299 1391 393 1462; x_wconf 78' lang='lat' dir='ltr'><strong>diligit</strong></span> <span class='ocrx_word' id='word_1_83' title='bbox 407 1408 467 1447; x_wconf 91' lang='lat' dir='ltr'><strong>non</strong></span> <span class='ocrx_word' id='word_1_84' title='bbox 486 1403 538 1452; x_wconf 80' lang='lat' dir='ltr'><strong>se,</strong></span> <span class='ocrx_word' id='word_1_85' title='bbox 564 1405 622 1444; x_wconf 89' lang='lat' dir='ltr'><strong>nec</strong></span> <span class='ocrx_word' id='word_1_86' title='bbox 638 1402 723 1445; x_wconf 89' lang='lat' dir='ltr'><strong>suam</strong></span> <span class='ocrx_word' id='word_1_87' title='bbox 745 1388 892 1457; x_wconf 78' lang='lat' dir='ltr'><strong>gloriam,</strong></span> <span class='ocrx_word' id='word_1_88' title='bbox 911 1387 963 1444; x_wconf 88' lang='lat' dir='ltr'><strong>aed</strong></span> <span class='ocrx_word' id='word_1_89' title='bbox 984 1395 1123 1444; x_wconf 88' lang='lat' dir='ltr'><strong>nostram</strong></span> 
     </span>
     <span class='ocr_line' id='line_1_12' title="bbox 73 1481 1168 1563; baseline -0.003 -23"><span class='ocrx_word' id='word_1_90' title='bbox 73 1486 179 1557; x_wconf 68' lang='lat' dir='ltr'><strong>querit</strong></span> <span class='ocrx_word' id='word_1_91' title='bbox 200 1485 345 1553; x_wconf 87' lang='lat' dir='ltr'><strong>salutern,</strong></span> <span class='ocrx_word' id='word_1_92' title='bbox 373 1494 403 1540; x_wconf 91' lang='lat' dir='ltr'><strong>et</strong></span> <span class='ocrx_word' id='word_1_93' title='bbox 430 1486 459 1539; x_wconf 90' lang='lat' dir='ltr'><strong>in</strong></span> <span class='ocrx_word' id='word_1_94' title='bbox 484 1484 542 1539; x_wconf 91' lang='lat' dir='ltr'><strong>hac</strong></span> <span class='ocrx_word' id='word_1_95' title='bbox 567 1498 627 1539; x_wconf 87' lang='lat' dir='ltr'><strong>non</strong></span> <span class='ocrx_word' id='word_1_96' title='bbox 648 1483 703 1539; x_wconf 85' lang='lat' dir='ltr'><strong>nisi</strong></span> <span class='ocrx_word' id='word_1_97' title='bbox 731 1484 849 1537; x_wconf 87' lang='lat' dir='ltr'><strong>laudem</strong></span> <span class='ocrx_word' id='word_1_98' title='bbox 876 1492 906 1538; x_wconf 91' lang='lat' dir='ltr'><strong>et</strong></span> <span class='ocrx_word' id='word_1_99' title='bbox 936 1481 1063 1563; x_wconf 76' lang='lat' dir='ltr'><strong>gloriam</strong></span> <span class='ocrx_word' id='word_1_100' title='bbox 1091 1490 1123 1537; x_wconf 87' lang='lat' dir='ltr'><strong>et</strong></span> <span class='ocrx_word' id='word_1_101' title='bbox 1166 1502 1168 1512; x_wconf 66' lang='lat'>¹</span> 
     </span>
     <span class='ocr_line' id='line_1_13' title="bbox 69 1563 1124 1650; baseline -0.004 -17"><span class='ocrx_word' id='word_1_102' title='bbox 69 1568 207 1634; x_wconf 61' lang='lat' dir='ltr'><strong>&#39;amorem</strong></span> <span class='ocrx_word' id='word_1_103' title='bbox 229 1578 327 1635; x_wconf 83' lang='lat' dir='ltr'><strong>Patris</strong></span> <span class='ocrx_word' id='word_1_104' title='bbox 348 1579 461 1650; x_wconf 87' lang='lat' dir='ltr'><strong>optime</strong></span> <span class='ocrx_word' id='word_1_105' title='bbox 480 1576 568 1633; x_wconf 82' lang='lat' dir='ltr'><strong>nobis</strong></span> <span class='ocrx_word' id='word_1_106' title='bbox 588 1575 717 1631; x_wconf 84' lang='lat' dir='ltr'><strong>valentis</strong></span> <span class='ocrx_word' id='word_1_107' title='bbox 739 1584 769 1630; x_wconf 93' lang='lat' dir='ltr'><strong>et</strong></span> <span class='ocrx_word' id='word_1_108' title='bbox 794 1566 991 1634; x_wconf 78' lang='lat' dir='ltr'><strong>consulentii.</strong></span> <span class='ocrx_word' id='word_1_109' title='bbox 1026 1563 1101 1630; x_wconf 80' lang='lat' dir='ltr'><strong>ideo</strong></span> <span class='ocrx_word' id='word_1_110' title='bbox 1113 1614 1124 1646; x_wconf 90' lang='lat'><strong>,</strong></span> 
     </span>
     <span class='ocr_line' id='line_1_14' title="bbox 73 1667 1125 1748; baseline -0.003 -20"><span class='ocrx_word' id='word_1_111' title='bbox 73 1682 107 1729; x_wconf 90' lang='lat' dir='ltr'><strong>ut</strong></span> <span class='ocrx_word' id='word_1_112' title='bbox 125 1673 205 1728; x_wconf 84' lang='lat' dir='ltr'><strong>hanc</strong></span> <span class='ocrx_word' id='word_1_113' title='bbox 227 1674 371 1742; x_wconf 80' lang='lat' dir='ltr'><strong>optimam</strong></span> <span class='ocrx_word' id='word_1_114' title='bbox 389 1667 488 1726; x_wconf 88' lang='lat' dir='ltr'><strong>Patris</strong></span> <span class='ocrx_word' id='word_1_115' title='bbox 513 1670 699 1748; x_wconf 72' lang='lat' dir='ltr'><strong>voluntatem</strong></span> <span class='ocrx_word' id='word_1_116' title='bbox 725 1668 781 1724; x_wconf 87' lang='lat' dir='ltr'><strong>sibi</strong></span> <span class='ocrx_word' id='word_1_117' title='bbox 803 1669 1011 1724; x_wconf 85' lang='lat' dir='ltr'><strong>demandatam</strong></span> <span class='ocrx_word' id='word_1_118' title='bbox 1035 1667 1125 1725; x_wconf 82' lang='lat' dir='ltr'><strong>nobit</strong></span> 
     </span>
     <span class='ocr_line' id='line_1_15' title="bbox 74 1761 1127 1843; baseline -0.006 -20"><span class='ocrx_word' id='word_1_119' title='bbox 74 1768 180 1824; x_wconf 78' lang='lat' dir='ltr'><strong>ieddat</strong></span> <span class='ocrx_word' id='word_1_120' title='bbox 201 1765 436 1822; x_wconf 76' lang='lat' dir='ltr'><strong>cumulatissime</strong></span> <span class='ocrx_word' id='word_1_121' title='bbox 455 1763 715 1827; x_wconf 87' lang='lat' dir='ltr'><strong>commendatam,</strong></span> <span class='ocrx_word' id='word_1_122' title='bbox 740 1764 866 1834; x_wconf 79' lang='lat' dir='ltr'><strong>exponit</strong></span> <span class='ocrx_word' id='word_1_123' title='bbox 891 1778 1031 1818; x_wconf 87' lang='lat' dir='ltr'><strong>causam:</strong></span> <span class='ocrx_word' id='word_1_124' title='bbox 1060 1761 1127 1843; x_wconf 62' lang='lat' dir='ltr'><strong>lacu</strong></span> 
     </span>
     <span class='ocr_line' id='line_1_16' title="bbox 75 1852 1125 1929; baseline -0.007 -13"><span class='ocrx_word' id='word_1_125' title='bbox 75 1867 119 1916; x_wconf 81' lang='lat' dir='ltr'><strong>ast</strong></span> <span class='ocrx_word' id='word_1_126' title='bbox 144 1857 409 1916; x_wconf 81' lang='lat' dir='ltr'><strong>autem-uoluntas</strong></span> <span class='ocrx_word' id='word_1_127' title='bbox 433 1859 518 1926; x_wconf 75' lang='lat' dir='ltr'><strong>ejus,</strong></span> <span class='ocrx_word' id='word_1_128' title='bbox 548 1856 601 1929; x_wconf 82' lang='lat' dir='ltr'><strong>qui</strong></span> <span class='ocrx_word' id='word_1_129' title='bbox 621 1855 706 1911; x_wconf 80' lang='lat' dir='ltr'><strong>misit</strong></span> <span class='ocrx_word' id='word_1_130' title='bbox 729 1871 795 1926; x_wconf 80' lang='lat' dir='ltr'><strong>me,</strong></span> <span class='ocrx_word' id='word_1_131' title='bbox 810 1852 942 1923; x_wconf 82' lang='lat' dir='ltr'><strong>Putris,</strong></span> <span class='ocrx_word' id='word_1_132' title='bbox 967 1863 1003 1910; x_wconf 82' lang='lat' dir='ltr'><strong>ut</strong></span> <span class='ocrx_word' id='word_1_133' title='bbox 1018 1868 1125 1919; x_wconf 78' lang='lat' dir='ltr'><strong>mnne,</strong></span> 
     </span>
     <span class='ocr_line' id='line_1_17' title="bbox 76 1949 1126 2027; baseline -0.004 -20"><span class='ocrx_word' id='word_1_134' title='bbox 76 1951 157 2027; x_wconf 85' lang='lat' dir='ltr'><strong>quod</strong></span> <span class='ocrx_word' id='word_1_135' title='bbox 171 1951 251 2007; x_wconf 83' lang='lat' dir='ltr'><strong>dedit</strong></span> <span class='ocrx_word' id='word_1_136' title='bbox 273 1949 350 2006; x_wconf 67' lang='lat' dir='ltr'><strong>matu</strong></span> <span class='ocrx_word' id='word_1_137' title='bbox 364 1951 482 2020; x_wconf 82' lang='lat' dir='ltr'><strong>Pater,</strong></span> <span class='ocrx_word' id='word_1_138' title='bbox 511 1966 572 2005; x_wconf 82' lang='lat' dir='ltr'><strong>non</strong></span> <span class='ocrx_word' id='word_1_139' title='bbox 586 1949 717 2020; x_wconf 81' lang='lat' dir='ltr'><strong>perdum</strong></span> <span class='ocrx_word' id='word_1_140' title='bbox 735 1966 776 2005; x_wconf 78' lang='lat' dir='ltr'><strong>ex</strong></span> <span class='ocrx_word' id='word_1_141' title='bbox 799 1965 849 2019; x_wconf 86' lang='lat' dir='ltr'><strong>eo,</strong></span> <span class='ocrx_word' id='word_1_142' title='bbox 875 1950 931 2006; x_wconf 82' lang='lat' dir='ltr'><strong>sed</strong></span> <span class='ocrx_word' id='word_1_143' title='bbox 950 1951 1126 2006; x_wconf 75' lang='lat' dir='ltr'><strong>resuscitem</strong></span> 
     </span>
     <span class='ocr_line' id='line_1_18' title="bbox 76 2045 458 2103; baseline -0.003 -1"><span class='ocrx_word' id='word_1_144' title='bbox 76 2045 155 2103; x_wconf 78' lang='lat' dir='ltr'><strong>illud</strong></span> <span class='ocrx_word' id='word_1_145' title='bbox 168 2046 201 2102; x_wconf 80' lang='lat' dir='ltr'><strong>in</strong></span> <span class='ocrx_word' id='word_1_146' title='bbox 218 2045 384 2102; x_wconf 80' lang='lat' dir='ltr'><strong>nouissimo</strong></span> <span class='ocrx_word' id='word_1_147' title='bbox 401 2045 458 2101; x_wconf 83' lang='lat' dir='ltr'><strong>die.</strong></span> 
     </span>
    </p>

    <p class='ocr_par' dir='ltr' id='par_1_4' title="bbox 74 2136 1131 2680">
     <span class='ocr_line' id='line_1_19' title="bbox 143 2136 1129 2212; baseline -0.003 -16"><span class='ocrx_word' id='word_1_148' title='bbox 143 2139 252 2210; x_wconf 86' lang='lat' dir='ltr'><strong>Vides,</strong></span> <span class='ocrx_word' id='word_1_149' title='bbox 282 2155 375 2212; x_wconf 87' lang='lat' dir='ltr'><strong>quare</strong></span> <span class='ocrx_word' id='word_1_150' title='bbox 396 2156 458 2195; x_wconf 88' lang='lat' dir='ltr'><strong>non</strong></span> <span class='ocrx_word' id='word_1_151' title='bbox 487 2138 586 2210; x_wconf 77' lang='lat' dir='ltr'><strong>eliciat</strong></span> <span class='ocrx_word' id='word_1_152' title='bbox 609 2140 798 2207; x_wconf 81' lang='lat' dir='ltr'><strong>venientem,</strong></span> <span class='ocrx_word' id='word_1_153' title='bbox 824 2139 913 2212; x_wconf 86' lang='lat' dir='ltr'><strong>quia,</strong></span> <span class='ocrx_word' id='word_1_154' title='bbox 940 2138 1060 2211; x_wconf 89' lang='lat' dir='ltr'><strong>inquit,</strong></span> <span class='ocrx_word' id='word_1_155' title='bbox 1087 2136 1129 2194; x_wconf 89' lang='lat' dir='ltr'><strong>ita</strong></span> 
     </span>
     <span class='ocr_line' id='line_1_20' title="bbox 75 2231 1129 2305; baseline 0 -16"><span class='ocrx_word' id='word_1_156' title='bbox 75 2235 172 2305; x_wconf 87' lang='lat' dir='ltr'><strong>placet</strong></span> <span class='ocrx_word' id='word_1_157' title='bbox 184 2233 275 2301; x_wconf 91' lang='lat' dir='ltr'><strong>Deo,</strong></span> <span class='ocrx_word' id='word_1_158' title='bbox 294 2249 333 2287; x_wconf 87' lang='lat' dir='ltr'><strong>na</strong></span> <span class='ocrx_word' id='word_1_159' title='bbox 354 2232 434 2288; x_wconf 83' lang='lat' dir='ltr'><strong>forte</strong></span> <span class='ocrx_word' id='word_1_160' title='bbox 459 2231 531 2288; x_wconf 90' lang='lat' dir='ltr'><strong>mihi</strong></span> <span class='ocrx_word' id='word_1_161' title='bbox 553 2234 640 2290; x_wconf 89' lang='lat' dir='ltr'><strong>detur</strong></span> <span class='ocrx_word' id='word_1_162' title='bbox 658 2235 753 2305; x_wconf 77' lang='lat' dir='ltr'><strong>gloria</strong></span> <span class='ocrx_word' id='word_1_163' title='bbox 775 2234 853 2290; x_wconf 90' lang='lat' dir='ltr'><strong>etin</strong></span> <span class='ocrx_word' id='word_1_164' title='bbox 871 2249 920 2288; x_wconf 87' lang='lat' dir='ltr'><strong>me</strong></span> <span class='ocrx_word' id='word_1_165' title='bbox 938 2243 1053 2296; x_wconf 78' lang='lat' dir='ltr'><strong>stetur,</strong></span> <span class='ocrx_word' id='word_1_166' title='bbox 1074 2231 1129 2289; x_wconf 90' lang='lat' dir='ltr'><strong>sed</strong></span> 
     </span>
     <span class='ocr_line' id='line_1_21' title="bbox 74 2326 1129 2400; baseline -0.004 -16"><span class='ocrx_word' id='word_1_167' title='bbox 74 2328 214 2384; x_wconf 83' lang='lat' dir='ltr'><strong>voluntas</strong></span> <span class='ocrx_word' id='word_1_168' title='bbox 237 2327 337 2384; x_wconf 85' lang='lat' dir='ltr'><strong>Patris</strong></span> <span class='ocrx_word' id='word_1_169' title='bbox 363 2336 496 2390; x_wconf 88' lang='lat' dir='ltr'><strong>ametur,</strong></span> <span class='ocrx_word' id='word_1_170' title='bbox 525 2343 590 2400; x_wconf 78' lang='lat' dir='ltr'><strong>quaa</strong></span> <span class='ocrx_word' id='word_1_171' title='bbox 613 2329 703 2397; x_wconf 81' lang='lat' dir='ltr'><strong>vult,</strong></span> <span class='ocrx_word' id='word_1_172' title='bbox 731 2336 766 2384; x_wconf 90' lang='lat' dir='ltr'><strong>ut</strong></span> <span class='ocrx_word' id='word_1_173' title='bbox 792 2326 906 2383; x_wconf 85' lang='lat' dir='ltr'><strong>nullum</strong></span> <span class='ocrx_word' id='word_1_174' title='bbox 932 2328 1050 2399; x_wconf 80' lang='lat' dir='ltr'><strong>ejiciam</strong></span> <span class='ocrx_word' id='word_1_175' title='bbox 1076 2341 1129 2381; x_wconf 83' lang='lat' dir='ltr'><strong>re.</strong></span> 
     </span>
     <span class='ocr_line' id='line_1_22' title="bbox 76 2421 1130 2493; baseline -0.005 -17"><span class='ocrx_word' id='word_1_176' title='bbox 76 2423 207 2478; x_wconf 82' lang='lat' dir='ltr'><strong>aientem</strong></span> <span class='ocrx_word' id='word_1_177' title='bbox 226 2422 262 2476; x_wconf 95' lang='lat' dir='ltr'><strong>ad</strong></span> <span class='ocrx_word' id='word_1_178' title='bbox 284 2437 352 2490; x_wconf 87' lang='lat' dir='ltr'><strong>me,</strong></span> <span class='ocrx_word' id='word_1_179' title='bbox 378 2422 440 2477; x_wconf 91' lang='lat' dir='ltr'><strong>imo</strong></span> <span class='ocrx_word' id='word_1_180' title='bbox 460 2439 520 2477; x_wconf 88' lang='lat' dir='ltr'><strong>non</strong></span> <span class='ocrx_word' id='word_1_181' title='bbox 539 2423 638 2479; x_wconf 88' lang='lat' dir='ltr'><strong>solum</strong></span> <span class='ocrx_word' id='word_1_182' title='bbox 658 2438 720 2479; x_wconf 91' lang='lat' dir='ltr'><strong>non</strong></span> <span class='ocrx_word' id='word_1_183' title='bbox 744 2422 880 2493; x_wconf 79' lang='lat' dir='ltr'><strong>ejiciam,</strong></span> <span class='ocrx_word' id='word_1_184' title='bbox 910 2421 1042 2476; x_wconf 85' lang='lat' dir='ltr'><strong>seduco</strong></span> <span class='ocrx_word' id='word_1_185' title='bbox 1060 2433 1130 2490; x_wconf 87' lang='lat' dir='ltr'><strong>per.</strong></span> 
     </span>
     <span class='ocr_line' id='line_1_23' title="bbox 78 2513 1131 2586; baseline -0.002 -19"><span class='ocrx_word' id='word_1_186' title='bbox 78 2514 156 2568; x_wconf 85' lang='lat' dir='ltr'><strong>darn.</strong></span> <span class='ocrx_word' id='word_1_187' title='bbox 173 2513 280 2569; x_wconf 87' lang='lat' dir='ltr'><strong>Videte</strong></span> <span class='ocrx_word' id='word_1_188' title='bbox 291 2531 376 2583; x_wconf 76' lang='lat' dir='ltr'><strong>ergo,</strong></span> <span class='ocrx_word' id='word_1_189' title='bbox 389 2531 478 2586; x_wconf 87' lang='lat' dir='ltr'><strong>quam</strong></span> <span class='ocrx_word' id='word_1_190' title='bbox 491 2517 590 2585; x_wconf 81' lang='lat' dir='ltr'><strong>diligat</strong></span> <span class='ocrx_word' id='word_1_191' title='bbox 599 2516 691 2572; x_wconf 91' lang='lat' dir='ltr'><strong>Pater</strong></span> <span class='ocrx_word' id='word_1_192' title='bbox 706 2516 862 2583; x_wconf 90' lang='lat' dir='ltr'><strong>muudum,</strong></span> <span class='ocrx_word' id='word_1_193' title='bbox 876 2523 909 2568; x_wconf 86' lang='lat' dir='ltr'><strong>ut</strong></span> <span class='ocrx_word' id='word_1_194' title='bbox 922 2513 983 2568; x_wconf 90' lang='lat' dir='ltr'><strong>lilio</strong></span> <span class='ocrx_word' id='word_1_195' title='bbox 994 2514 1131 2583; x_wconf 86' lang='lat' dir='ltr'><strong>imponat</strong></span> 
     </span>
     <span class='ocr_line' id='line_1_24' title="bbox 78 2606 1103 2680; baseline -0.002 -20"><span class='ocrx_word' id='word_1_196' title='bbox 78 2607 198 2677; x_wconf 88' lang='lat' dir='ltr'><strong>onmia,</strong></span> <span class='ocrx_word' id='word_1_197' title='bbox 220 2606 328 2677; x_wconf 87' lang='lat' dir='ltr'><strong>quibus</strong></span> <span class='ocrx_word' id='word_1_198' title='bbox 346 2623 407 2663; x_wconf 89' lang='lat' dir='ltr'><strong>non</strong></span> <span class='ocrx_word' id='word_1_199' title='bbox 425 2609 580 2678; x_wconf 83' lang='lat' dir='ltr'><strong>ejiciamur</strong></span> <span class='ocrx_word' id='word_1_200' title='bbox 595 2620 646 2664; x_wconf 90' lang='lat' dir='ltr'><strong>aut</strong></span> <span class='ocrx_word' id='word_1_201' title='bbox 664 2610 843 2680; x_wconf 86' lang='lat' dir='ltr'><strong>perdamur,</strong></span> <span class='ocrx_word' id='word_1_202' title='bbox 863 2607 916 2662; x_wconf 87' lang='lat' dir='ltr'><strong>sed</strong></span> <span class='ocrx_word' id='word_1_203' title='bbox 934 2620 1103 2662; x_wconf 84' lang='lat' dir='ltr'><strong>servemur.</strong></span> 
     </span>
    </p>

    <p class='ocr_par' dir='ltr' id='par_1_5' title="bbox 78 2698 1132 3525">
     <span class='ocr_line' id='line_1_25' title="bbox 148 2698 1131 2774; baseline -0.001 -21"><span class='ocrx_word' id='word_1_204' title='bbox 148 2698 241 2774; x_wconf 78' lang='lat' dir='ltr'><strong>Quod</strong></span> <span class='ocrx_word' id='word_1_205' title='bbox 268 2709 367 2754; x_wconf 87' lang='lat' dir='ltr'><strong>autem</strong></span> <span class='ocrx_word' id='word_1_206' title='bbox 392 2700 495 2768; x_wconf 84' lang='lat' dir='ltr'><strong>addit3</strong></span> <span class='ocrx_word' id='word_1_207' title='bbox 528 2701 584 2758; x_wconf 77' lang='lat' dir='ltr'><strong>seri</strong></span> <span class='ocrx_word' id='word_1_208' title='bbox 604 2699 779 2757; x_wconf 80' lang='lat' dir='ltr'><strong>resuscitem</strong></span> <span class='ocrx_word' id='word_1_209' title='bbox 803 2699 881 2755; x_wconf 82' lang='lat' dir='ltr'><strong>illud</strong></span> <span class='ocrx_word' id='word_1_210' title='bbox 905 2698 939 2754; x_wconf 81' lang='lat' dir='ltr'><strong>ira</strong></span> <span class='ocrx_word' id='word_1_211' title='bbox 966 2699 1131 2753; x_wconf 70' lang='lat' dir='ltr'><strong>novnstmo</strong></span> 
     </span>
     <span class='ocr_line' id='line_1_26' title="bbox 78 2791 1130 2864; baseline -0.003 -13"><span class='ocrx_word' id='word_1_212' title='bbox 78 2792 144 2859; x_wconf 76' lang='lat' dir='ltr'><strong>dte,</strong></span> <span class='ocrx_word' id='word_1_213' title='bbox 163 2798 198 2852; x_wconf 82' lang='lat' dir='ltr'><strong>ad</strong></span> <span class='ocrx_word' id='word_1_214' title='bbox 216 2794 428 2848; x_wconf 81' lang='lat' dir='ltr'><strong>confutandam</strong></span> <span class='ocrx_word' id='word_1_215' title='bbox 446 2795 568 2849; x_wconf 85' lang='lat' dir='ltr'><strong>stultam</strong></span> <span class='ocrx_word' id='word_1_216' title='bbox 587 2795 685 2851; x_wconf 91' lang='lat' dir='ltr'><strong>carnis</strong></span> <span class='ocrx_word' id='word_1_217' title='bbox 704 2792 927 2864; x_wconf 79' lang='lat' dir='ltr'><strong>intelligentiam</strong></span> <span class='ocrx_word' id='word_1_218' title='bbox 947 2793 1031 2847; x_wconf 87' lang='lat' dir='ltr'><strong>dicit.</strong></span> <span class='ocrx_word' id='word_1_219' title='bbox 1051 2791 1130 2848; x_wconf 86' lang='lat' dir='ltr'><strong>Cum</strong></span> 
     </span>
     <span class='ocr_line' id='line_1_27' title="bbox 80 2873 1131 2966; baseline 0.001 -24"><span class='ocrx_word' id='word_1_220' title='bbox 80 2887 158 2942; x_wconf 90' lang='lat' dir='ltr'><strong>enim</strong></span> <span class='ocrx_word' id='word_1_221' title='bbox 176 2886 238 2942; x_wconf 89' lang='lat' dir='ltr'><strong>hoo</strong></span> <span class='ocrx_word' id='word_1_222' title='bbox 252 2873 287 2952; x_wconf 72' lang='lat'><strong>¹⁸)</strong></span> <span class='ocrx_word' id='word_1_223' title='bbox 312 2887 442 2957; x_wconf 89' lang='lat' dir='ltr'><strong>diceret,</strong></span> <span class='ocrx_word' id='word_1_224' title='bbox 464 2885 561 2943; x_wconf 76' lang='lat' dir='ltr'><strong>ludat</strong></span> <span class='ocrx_word' id='word_1_225' title='bbox 580 2890 617 2944; x_wconf 89' lang='lat' dir='ltr'><strong>de</strong></span> <span class='ocrx_word' id='word_1_226' title='bbox 636 2889 804 2966; x_wconf 84' lang='lat' dir='ltr'><strong>perditione</strong></span> <span class='ocrx_word' id='word_1_227' title='bbox 824 2888 999 2959; x_wconf 88' lang='lat' dir='ltr'><strong>temporalis</strong></span> <span class='ocrx_word' id='word_1_228' title='bbox 1021 2885 1131 2943; x_wconf 76' lang='lat' dir='ltr'><strong>mortis</strong></span> 
     </span>
     <span class='ocr_line' id='line_1_28' title="bbox 80 2978 1131 3053; baseline 0 -16"><span class='ocrx_word' id='word_1_229' title='bbox 80 2998 147 3037; x_wconf 89' lang='lat' dir='ltr'><strong>eum</strong></span> <span class='ocrx_word' id='word_1_230' title='bbox 168 2982 249 3053; x_wconf 90' lang='lat' dir='ltr'><strong>loqui</strong></span> <span class='ocrx_word' id='word_1_231' title='bbox 265 2980 462 3052; x_wconf 83' lang='lat' dir='ltr'><strong>accipiebant.</strong></span> <span class='ocrx_word' id='word_1_232' title='bbox 497 2980 571 3038; x_wconf 90' lang='lat' dir='ltr'><strong>Ideo</strong></span> <span class='ocrx_word' id='word_1_233' title='bbox 593 2982 682 3040; x_wconf 73' lang='lat' dir='ltr'><strong>dicits</strong></span> <span class='ocrx_word' id='word_1_234' title='bbox 712 2984 787 3038; x_wconf 88' lang='lat' dir='ltr'><strong>adeo</strong></span> <span class='ocrx_word' id='word_1_235' title='bbox 807 2983 871 3037; x_wconf 83' lang='lat' dir='ltr'><strong>vult</strong></span> <span class='ocrx_word' id='word_1_236' title='bbox 894 2978 1002 3048; x_wconf 82' lang='lat' dir='ltr'><strong>Pater,</strong></span> <span class='ocrx_word' id='word_1_237' title='bbox 1022 2998 1059 3038; x_wconf 90' lang='lat' dir='ltr'><strong>na</strong></span> <span class='ocrx_word' id='word_1_238' title='bbox 1078 2980 1131 3039; x_wconf 85' lang='lat' dir='ltr'><strong>ali.</strong></span> 
     </span>
     <span class='ocr_line' id='line_1_29' title="bbox 81 3074 1132 3150; baseline 0.003 -20"><span class='ocrx_word' id='word_1_239' title='bbox 81 3093 169 3148; x_wconf 87' lang='lat' dir='ltr'><strong>quem</strong></span> <span class='ocrx_word' id='word_1_240' title='bbox 192 3078 336 3145; x_wconf 85' lang='lat' dir='ltr'><strong>perdam,</strong></span> <span class='ocrx_word' id='word_1_241' title='bbox 360 3077 412 3131; x_wconf 88' lang='lat' dir='ltr'><strong>sed</strong></span> <span class='ocrx_word' id='word_1_242' title='bbox 438 3092 544 3132; x_wconf 89' lang='lat' dir='ltr'><strong>omnes</strong></span> <span class='ocrx_word' id='word_1_243' title='bbox 571 3093 710 3146; x_wconf 86' lang='lat' dir='ltr'><strong>serrem,</strong></span> <span class='ocrx_word' id='word_1_244' title='bbox 738 3083 772 3132; x_wconf 87' lang='lat' dir='ltr'><strong>ut</strong></span> <span class='ocrx_word' id='word_1_245' title='bbox 792 3076 908 3134; x_wconf 85' lang='lat' dir='ltr'><strong>etiamsi</strong></span> <span class='ocrx_word' id='word_1_246' title='bbox 928 3074 1132 3150; x_wconf 77' lang='lat' dir='ltr'><strong>corporaliter</strong></span> 
     </span>
     <span class='ocr_line' id='line_1_30' title="bbox 81 3169 1131 3242; baseline 0.002 -18"><span class='ocrx_word' id='word_1_247' title='bbox 81 3172 186 3242; x_wconf 86' lang='lat' dir='ltr'><strong>perditi</strong></span> <span class='ocrx_word' id='word_1_248' title='bbox 214 3171 346 3235; x_wconf 81' lang='lat' dir='ltr'><strong>fuerint,</strong></span> <span class='ocrx_word' id='word_1_249' title='bbox 374 3187 434 3226; x_wconf 91' lang='lat' dir='ltr'><strong>non</strong></span> <span class='ocrx_word' id='word_1_250' title='bbox 460 3172 641 3242; x_wconf 82' lang='lat' dir='ltr'><strong>perdantur,</strong></span> <span class='ocrx_word' id='word_1_251' title='bbox 666 3171 718 3228; x_wconf 87' lang='lat' dir='ltr'><strong>sed</strong></span> <span class='ocrx_word' id='word_1_252' title='bbox 743 3170 818 3226; x_wconf 84' lang='lat' dir='ltr'><strong>adeo</strong></span> <span class='ocrx_word' id='word_1_253' title='bbox 842 3171 1020 3237; x_wconf 84' lang='lat' dir='ltr'><strong>serventur,</strong></span> <span class='ocrx_word' id='word_1_254' title='bbox 1044 3180 1078 3225; x_wconf 88' lang='lat' dir='ltr'><strong>ut</strong></span> <span class='ocrx_word' id='word_1_255' title='bbox 1099 3169 1131 3226; x_wconf 87' lang='lat' dir='ltr'><strong>iu</strong></span> 
     </span>
     <span class='ocr_line' id='line_1_31' title="bbox 81 3247 1131 3336; baseline 0.002 -18"><span class='ocrx_word' id='word_1_256' title='bbox 81 3266 247 3320; x_wconf 87' lang='lat' dir='ltr'><strong>novissimo</strong></span> <span class='ocrx_word' id='word_1_257' title='bbox 267 3266 314 3320; x_wconf 83' lang='lat' dir='ltr'><strong>alie</strong></span> <span class='ocrx_word' id='word_1_258' title='bbox 330 3266 567 3334; x_wconf 87' lang='lat' dir='ltr'><strong>resuscitentur,</strong></span> <span class='ocrx_word' id='word_1_259' title='bbox 585 3267 664 3322; x_wconf 87' lang='lat' dir='ltr'><strong>sicut</strong></span> <span class='ocrx_word' id='word_1_260' title='bbox 680 3266 814 3336; x_wconf 81' lang='lat' dir='ltr'><strong>ejusdem</strong></span> <span class='ocrx_word' id='word_1_261' title='bbox 832 3264 929 3320; x_wconf 90' lang='lat' dir='ltr'><strong>simile</strong></span> <span class='ocrx_word' id='word_1_262' title='bbox 946 3263 1057 3319; x_wconf 88' lang='lat' dir='ltr'><strong>dicitur</strong></span> <span class='ocrx_word' id='word_1_263' title='bbox 1076 3247 1131 3332; x_wconf 76' lang='lat' dir='ltr'><strong>¹)i</strong></span> 
     </span>
     <span class='ocr_line' id='line_1_32' title="bbox 81 3355 1130 3431; baseline 0.002 -20"><span class='ocrx_word' id='word_1_264' title='bbox 81 3357 133 3430; x_wconf 81' lang='lat' dir='ltr'><strong>qut</strong></span> <span class='ocrx_word' id='word_1_265' title='bbox 150 3357 245 3412; x_wconf 82' lang='lat' dir='ltr'><strong>credit</strong></span> <span class='ocrx_word' id='word_1_266' title='bbox 262 3359 295 3412; x_wconf 81' lang='lat' dir='ltr'><strong>in</strong></span> <span class='ocrx_word' id='word_1_267' title='bbox 311 3375 359 3411; x_wconf 90' lang='lat' dir='ltr'><strong>me</strong></span> <span class='ocrx_word' id='word_1_268' title='bbox 371 3373 432 3414; x_wconf 81' lang='lat' dir='ltr'><strong>non</strong></span> <span class='ocrx_word' id='word_1_269' title='bbox 443 3360 602 3431; x_wconf 80' lang='lat' dir='ltr'><strong>morietur,</strong></span> <span class='ocrx_word' id='word_1_270' title='bbox 620 3360 744 3415; x_wconf 81' lang='lat' dir='ltr'><strong>etiamst</strong></span> <span class='ocrx_word' id='word_1_271' title='bbox 752 3363 890 3414; x_wconf 71' lang='lat' dir='ltr'><strong>mortum</strong></span> <span class='ocrx_word' id='word_1_272' title='bbox 899 3355 1014 3429; x_wconf 74' lang='lat' dir='ltr'><strong>suerit,</strong></span> <span class='ocrx_word' id='word_1_273' title='bbox 1032 3358 1130 3416; x_wconf 76' lang='lat' dir='ltr'><strong>aiaetr&#39;</strong></span> 
     </span>
     <span class='ocr_line' id='line_1_33' title="bbox 82 3451 560 3525; baseline 0.01 -20"><span class='ocrx_word' id='word_1_274' title='bbox 82 3467 137 3525; x_wconf 73' lang='lat' dir='ltr'><strong>eqo</strong></span> <span class='ocrx_word' id='word_1_275' title='bbox 153 3467 221 3506; x_wconf 84' lang='lat' dir='ltr'><strong>sum</strong></span> <span class='ocrx_word' id='word_1_276' title='bbox 239 3451 303 3507; x_wconf 81' lang='lat' dir='ltr'><strong>vitu</strong></span> <span class='ocrx_word' id='word_1_277' title='bbox 321 3459 351 3506; x_wconf 85' lang='lat' dir='ltr'><strong>et</strong></span> <span class='ocrx_word' id='word_1_278' title='bbox 365 3455 560 3510; x_wconf 78' lang='lat' dir='ltr'><strong>resurrectio.</strong></span> 
     </span>
    </p>

    <p class='ocr_par' dir='ltr' id='par_1_6' title="bbox 84 3545 1133 3807">
     <span class='ocr_line' id='line_1_34' title="bbox 151 3545 1131 3622; baseline 0.001 -22"><span class='ocrx_word' id='word_1_279' title='bbox 151 3545 254 3622; x_wconf 77' lang='lat' dir='ltr'><strong>Quare</strong></span> <span class='ocrx_word' id='word_1_280' title='bbox 272 3563 335 3602; x_wconf 89' lang='lat' dir='ltr'><strong>non</strong></span> <span class='ocrx_word' id='word_1_281' title='bbox 349 3557 474 3618; x_wconf 87' lang='lat' dir='ltr'><strong>possunt</strong></span> <span class='ocrx_word' id='word_1_282' title='bbox 492 3549 593 3620; x_wconf 88' lang='lat' dir='ltr'><strong>perdi,</strong></span> <span class='ocrx_word' id='word_1_283' title='bbox 612 3548 662 3621; x_wconf 88' lang='lat' dir='ltr'><strong>qui</strong></span> <span class='ocrx_word' id='word_1_284' title='bbox 680 3548 715 3604; x_wconf 86' lang='lat' dir='ltr'><strong>ad</strong></span> <span class='ocrx_word' id='word_1_285' title='bbox 735 3547 892 3603; x_wconf 86' lang='lat' dir='ltr'><strong>Christum</strong></span> <span class='ocrx_word' id='word_1_286' title='bbox 910 3548 1049 3604; x_wconf 82' lang='lat' dir='ltr'><strong>veniunt:</strong></span> <span class='ocrx_word' id='word_1_287' title='bbox 1069 3548 1131 3602; x_wconf 89' lang='lat' dir='ltr'><strong>imo</strong></span> 
     </span>
     <span class='ocr_line' id='line_1_35' title="bbox 84 3631 1133 3714; baseline -0.002 -20"><span class='ocrx_word' id='word_1_288' title='bbox 84 3640 190 3694; x_wconf 89' lang='lat' dir='ltr'><strong>eodem</strong></span> <span class='ocrx_word' id='word_1_289' title='bbox 211 3649 297 3696; x_wconf 87' lang='lat' dir='ltr'><strong>textu</strong></span> <span class='ocrx_word' id='word_1_290' title='bbox 314 3643 473 3698; x_wconf 80' lang='lat' dir='ltr'><strong>manifeste</strong></span> <span class='ocrx_word' id='word_1_291' title='bbox 490 3645 635 3711; x_wconf 87' lang='lat' dir='ltr'><strong>ostendit,</strong></span> <span class='ocrx_word' id='word_1_292' title='bbox 660 3643 731 3714; x_wconf 89' lang='lat' dir='ltr'><strong>quid</strong></span> <span class='ocrx_word' id='word_1_293' title='bbox 749 3643 822 3697; x_wconf 86' lang='lat' dir='ltr'><strong>velit</strong></span> <span class='ocrx_word' id='word_1_294' title='bbox 842 3641 966 3711; x_wconf 77' lang='lat' dir='ltr'><strong>intelligi</strong></span> <span class='ocrx_word' id='word_1_295' title='bbox 989 3631 1042 3713; x_wconf 83' lang='lat' dir='ltr'><strong>per</strong></span> <span class='ocrx_word' id='word_1_296' title='bbox 1062 3655 1133 3711; x_wconf 91' lang='lat' dir='ltr'><strong>per.</strong></span> 
     </span>
     <span class='ocr_line' id='line_1_36' title="bbox 84 3729 1132 3807; baseline 0.001 -21"><span class='ocrx_word' id='word_1_297' title='bbox 84 3731 177 3787; x_wconf 86' lang='lat' dir='ltr'><strong>ditum</strong></span> <span class='ocrx_word' id='word_1_298' title='bbox 193 3729 255 3804; x_wconf 79' lang='lat'><strong>¹¹²):</strong></span> <span class='ocrx_word' id='word_1_299' title='bbox 276 3734 343 3807; x_wconf 85' lang='lat' dir='ltr'><strong>quia</strong></span> <span class='ocrx_word' id='word_1_300' title='bbox 363 3737 512 3806; x_wconf 88' lang='lat' dir='ltr'><strong>promittit</strong></span> <span class='ocrx_word' id='word_1_301' title='bbox 529 3751 563 3792; x_wconf 86' lang='lat' dir='ltr'><strong>se</strong></span> <span class='ocrx_word' id='word_1_302' title='bbox 579 3739 795 3794; x_wconf 82' lang='lat' dir='ltr'><strong>suscitaturum</strong></span> <span class='ocrx_word' id='word_1_303' title='bbox 815 3747 948 3794; x_wconf 78' lang='lat' dir='ltr'><strong>amante</strong></span> <span class='ocrx_word' id='word_1_304' title='bbox 969 3748 1040 3802; x_wconf 86' lang='lat' dir='ltr'><strong>eos,</strong></span> <span class='ocrx_word' id='word_1_305' title='bbox 1057 3748 1132 3803; x_wconf 78' lang='lat' dir='ltr'><strong>erpo</strong></span> 
     </span>
    </p>
   </div>
   <div class='ocr_carea' id='block_1_3' title="bbox 137 3954 689 4171">
    <p class='ocr_par' dir='ltr' id='par_1_7' title="bbox 137 3954 689 4171">
     <span class='ocr_line' id='line_1_37' title="bbox 138 3954 344 4006; baseline 0.01 -6"><span class='ocrx_word' id='word_1_306' title='bbox 138 3954 171 4006; x_wconf 80' lang='lat' dir='ltr'><strong>lt)</strong></span> <span class='ocrx_word' id='word_1_307' title='bbox 199 3957 226 4002; x_wconf 73' lang='grc' dir='ltr'><strong>Δ.</strong></span> <span class='ocrx_word' id='word_1_308' title='bbox 246 3978 275 3990; x_wconf 92' lang='grc'><strong>-</strong></span> <span class='ocrx_word' id='word_1_309' title='bbox 289 3957 344 4004; x_wconf 88' lang='lat' dir='ltr'><strong>lrua.</strong></span> 
     </span>
     <span class='ocr_line' id='line_1_38' title="bbox 137 4032 689 4107; baseline 0.016 -30"><span class='ocrx_word' id='word_1_310' title='bbox 137 4034 165 4084; x_wconf 88' lang='lat' dir='ltr'><strong>i)</strong></span> <span class='ocrx_word' id='word_1_311' title='bbox 191 4032 205 4086; x_wconf 89' lang='lat' dir='ltr'>J</span> <span class='ocrx_word' id='word_1_312' title='bbox 212 4046 257 4080; x_wconf 87' lang='lat' dir='ltr'><strong>ea.</strong></span> <span class='ocrx_word' id='word_1_313' title='bbox 278 4034 341 4107; x_wconf 81' lang='lat' dir='ltr'><strong>sicut</strong></span> <span class='ocrx_word' id='word_1_314' title='bbox 360 4037 467 4090; x_wconf 82' lang='lat' dir='ltr'><strong>eiusdem</strong></span> <span class='ocrx_word' id='word_1_315' title='bbox 484 4038 540 4092; x_wconf 84' lang='lat' dir='ltr'><strong>Jou.</strong></span> <span class='ocrx_word' id='word_1_316' title='bbox 558 4038 603 4089; x_wconf 75' lang='lat' dir='ltr'><strong>xl.</strong></span> <span class='ocrx_word' id='word_1_317' title='bbox 621 4037 689 4088; x_wconf 81' lang='lat' dir='ltr'><strong>dicit.</strong></span> 
     </span>
     <span class='ocr_line' id='line_1_39' title="bbox 137 4112 447 4171; baseline 0.019 -13"><span class='ocrx_word' id='word_1_318' title='bbox 137 4119 171 4165; x_wconf 87' lang='lat' dir='ltr'><strong>m)</strong></span> <span class='ocrx_word' id='word_1_319' title='bbox 192 4112 258 4165; x_wconf 83' lang='lat' dir='ltr'><strong>len.</strong></span> <span class='ocrx_word' id='word_1_320' title='bbox 275 4112 447 4171; x_wconf 79' lang='lat' dir='ltr'><strong>perditionem.</strong></span> 
     </span>
    </p>
   </div>
   <div class='ocr_carea' id='block_1_4' title="bbox 0 0 1316 4732">
    <p class='ocr_par' dir='ltr' id='par_1_8' title="bbox 0 0 1316 4732">
     <span class='ocr_line' id='line_1_40' title="bbox 0 0 1316 4732; baseline 0 0"><span class='ocrx_word' id='word_1_321' title='bbox 0 0 1316 4732; x_wconf 95' lang='lat' dir='ltr'><strong> </strong></span> 
     </span>
    </p>
   </div>
  </div>
 </body>
</html>
