2574 4732
211 339 273 409 244
692 344 790 414 1519.

211 506 294 554 tuam
314 505 575 566 conversaretur,
603 497 745 555 incidisse
759 498 923 572 'aliquando
942 513 1115 556 sennonem
1142 500 1180 556 de
1210 502 1267 568 iise

210 592 261 663 qui
281 593 317 646 ad
338 591 481 663 populum
496 587 686 661 declamant,
701 604 783 656 tum,
805 609 870 663 quas
890 601 937 648 est
957 594 999 648 tui
1011 594 1118 664 judicii
1127 585 1171 665 Ιι“)
1186 597 1268 653 rbira

209 672 392 750 acrimonia,
417 693 448 739 te
473 684 603 753 dixisse,
629 687 795 740 conciones
813 686 894 753 illas,
922 701 992 755 quae
1006 688 1129 756 argutiis
1149 697 1180 743 et
1202 700 1267 745 tras

196 766 371 834 ¹ditionibus
394 775 552 832 hominnm
579 787 738 846 constant,
763 780 840 834 mire
863 779 996 847 frigere,
1026 782 1117 836 acad
1138 798 1267 852 persnas

206 870 337 927 dendum
359 870 389 926 in
414 869 508 925 rebus
530 870 645 926 nostris
672 871 807 928 elumbes
830 883 861 927 et
881 873 1112 941 eviratas-esse,
1140 876 1264 945 quando

206 964 280 1020 nihil
297 971 399 1035 potest
416 971 477 1018 tam
499 972 619 1018 acutum
638 963 766 1034 adduci,
794 966 875 1038 quod
898 983 960 1021 non
979 983 1085 1022 rursus
1103 967 1158 1022 alia
1172 984 1265 1039 argu.

204 1057 246 1113 tia
273 1057 370 1128 possit
397 1055 547 1112 convellis
577 1056 761 1127 Scriptorum
790 1075 866 1115 vero
889 1068 1024 1116 sanctam
1052 1076 1141 1114 unam
1171 1077 1263 1134 esse,

205 1166 271 1222 quas
288 1145 370 1205 tanta
388 1149 545 1219 majestate
569 1160 600 1205 et
622 1151 743 1219 energia
762 1151 852 1206 etism
875 1152 953 1207 citra
977 1161 1113 1208 nostram
1135 1171 1264 1225 operam

200 1251 307 1317 sonet,
334 1251 367 1299 nt
392 1243 487 1314 captis
513 1243 744 1314 consumtiaque
761 1258 836 1299 mox
862 1245 1004 1301 omnibus
1031 1246 1177 1302 machinis
1199 1248 1263 1304 dis.

205 1334 405 1408 ceptetionis,
427 1343 533 1405 urgeat
560 1345 590 1389 et
615 1345 705 1406 cogat
724 1337 843 1394 dicere:
869 1339 1041 1412 Nunquam
1070 1339 1116 1394 sic
1144 1338 1263 1396 lucratus

102 1438 104 1444 '
205 1439 251 1487 est
267 1428 376 1498 hom,
393 1427 573 1505 hiedipieus
592 1428 727 1490 Dei'est2
752 1447 815 1487 non
838 1435 919 1488 enain
939 1432 1024 1488 docet
1040 1448 1078 1487 oc
1101 1431 1208 1488 scribae
1233 1441 1263 1489 et

203 1522 364 1582 Phcrisaei
372 1562 382 1592 ‚
400 1523 457 1581 red
472 1526 550 1580 sieut
563 1529 743 1594 potestatem
757 1520 881 1581 habens.
915 1524 950 1580 In
975 1540 1064 1596 quam
1080 1528 1262 1583 sententiam

203 1602 273 1674 cuin
299 1619 348 1676 ille
375 1621 437 1675 non
462 1618 613 1676 illibenter
644 1617 770 1691 pedibus
802 1619 906 1674 ivisset
937 1627 968 1673 et
996 1621 1259 1689 commendasset«,

201 1722 268 1769 turn
288 1722 320 1768 te
336 1722 480 1785 porrecta
503 1721 595 1767 manu
613 1727 736 1769 mentun
757 1713 835 1769 illius
857 1714 1049 1785 postulasse,
1076 1723 1108 1769 et
1129 1714 1262 1771 dixisses

202 1806 351 1880 stipulare
369 1807 465 1874 mssri,
483 1823 608 1878 quasso,
626 1808 833 1880 itaperpetno
852 1816 884 1862 te
902 1823 1071 1863 sensurum.

270 1899 441 1966 Obsecro,
453 1915 491 1952 an
503 1915 565 1955 non
584 1899 649 1955 hac
667 1905 732 1955 vox
750 1909 781 1955 et
799 1901 947 1955 sententia
967 1901 1015 1955 vel
1035 1901 1260 1972 sanctissimum

203 2001 234 2048 et
246 2006 400 2048 summum
418 1991 600 2049 Pontificem
616 1992 757 2060 deceret,
775 2008 874 2064 eoque
893 1995 1003 2062 magis,
1019 2010 1082 2064 quo
1101 2011 1164 2050 non
1180 2010 1259 2052 voce

200 2072 338 2152 tantum,
355 2082 415 2139 aed
431 2085 542 2138 affectu
560 2098 684 2153 quoque
702 2085 809 2141 cordia,
824 2086 941 2154 prolata
960 2087 1121 2156 perspicuo
1141 2104 1260 2156 cogno.

201 2176 320 2232 scituri
341 2160 448 2250 ¹Qnidi
469 2192 506 2230 an
525 2177 663 2231 nondum
682 2176 847 2244 videmus,¹
864 2178 915 2247 qui
932 2178 992 2231 sint
1013 2177 1077 2229 veri
1094 2176 1235 2247 theologi
1245 2187 1261 2235 2-

89 2324 92 2330 ,
194 2267 318 2324 Pudeat
342 2269 463 2322 tandem
491 2266 655 2334 theologos
676 2267 867 2337 et'juristas,
892 2282 948 2323 eoa
970 2267 1117 2326 maxime,
1141 2271 1258 2337 ⁴quibus

200 2377 294 2417 sacrae
314 2360 409 2415 literas
431 2376 514 2431 paene
540 2357 704 2417 ridiculum
722 2370 820 2427 sunt,
838 2369 869 2415 et
887 2360 938 2431 qui
958 2360 1172 2415 consarcinatis
1190 2361 1257 2417 inii.

150 2523 156 2536 ,
201 2455 272 2510 uitis
294 2454 418 2523 glossis,
457 2452 632 2524 pestilenter
652 2454 770 2524 palpant
788 2453 843 2520 iis,
868 2455 919 2524 qui
938 2453 1081 2524 quidquid
1102 2455 1257 2523 dixerint,

201 2548 332 2606 verbum
356 2547 416 2602 Dei
443 2547 539 2609 videri
567 2547 660 2602 velint
688 2547 791 2616 (sicut
808 2556 839 2601 et
859 2548 945 2602 divus
965 2548 1166 2616 Hieronymus
1181 2567 1257 2603 con.

204 2638 368 2716 queritur),
388 2640 472 2712 quasi
495 2641 636 2695 Christus
655 2639 691 2694 ad
707 2639 834 2695 Petrum
852 2640 982 2696 dixerit:
999 2640 1092 2707 Jube,
1111 2652 1161 2695 aut
1181 2660 1258 2713 prae.

204 2739 288 2809 cipe.
316 2747 367 2789 aut
387 2736 484 2803 doce,
511 2750 624 2789 acuon
644 2733 762 2804 potius,
784 2732 879 2790 Posce
894 2751 964 2788 oues
978 2750 1082 2801 meas,
1101 2736 1170 2790 ¹hoc
1191 2746 1250 2805 est,

203 2832 276 2886 illud
300 2831 402 2892 trade,
429 2828 690 2900 quopuscuntur¹
709 2829 738 2894 ):
758 2839 922 2899 pascuntur
944 2840 1044 2883 sutem
1065 2829 1142 2883 solo
1156 2828 1253 2884 verbo

202 2924 288 2990 Dei,
314 2940 376 2977 non
400 2921 592 2994 opinionibus
622 2931 673 2977 uut
700 2923 910 2978 traditionibus
939 2923 1106 2978 hominum.
1151 2921 1253 2977 Porro

203 3033 294 3088 quam
317 3034 389 3071 vere
412 3010 544 3084 dixeris,
568 3016 642 3070 nihil
671 3031 759 3084 posse
779 3025 841 3070 tam
867 3024 971 3082 argute
995 3015 1144 3085 proponi,
1171 3015 1255 3084 quod

203 3128 264 3166 non
287 3125 393 3164 rursus
416 3111 513 3179 possit
537 3109 672 3174 retundi,
702 3108 845 3161 miserum
866 3107 937 3161 illud
958 3108 1116 3177 pistrinum
1136 3107 1254 3162 abunde

203 3205 312 3264 docet,
338 3204 367 3257 in
387 3218 448 3271 quo
466 3200 617 3268 Scotistae,
636 3200 823 3266 Thomistae,
846 3199 1038 3260 Atheniens,
1062 3200 1206 3256 Moderni
1225 3210 1256 3256 et

202 3296 309 3365 singuli
327 3295 356 3348 in
372 3310 441 3348 suas
456 3310 577 3365 quoque
598 3306 697 3348 sectas
714 3293 800 3348 divisi
814 3303 932 3365 tempus
953 3285 1100 3364 perdunt(

270 3388 334 3442 Hac
354 3386 452 3440 fateor
472 3388 597 3442 historia
609 3385 847 3456 jucundissima,
868 3385 1069 3440 illustrissime
1089 3386 1253 3459 Princeps,

203 3498 270 3540 sum
289 3491 372 3535 totus
392 3481 422 3534 in
434 3496 571 3534 amorem
591 3481 633 3534 tui
652 3493 753 3549 raptus
768 3477 821 3545 1ιὶὶ.
860 3477 974 3535 Nescio
992 3480 1091 3545 enim,
1110 3480 1159 3548 qui
1181 3481 1231 3535 fiat
1242 3520 1253 3549 ,

195 3589 236 3633 ·ut
255 3591 459 3647 quoscunque·
472 3589 626 3628 sacrarum
648 3574 800 3627 literarum
821 3585 953 3630 amantes
973 3572 1080 3639 audio,
1098 3588 1157 3625 non
1182 3590 1256 3640 pos.

177 3671 180 3677 ’
203 3674 259 3730 sim
281 3687 342 3724 non
358 3670 497 3738 diligere,
515 3683 635 3721 rursum
657 3680 853 3737 perversores
872 3676 903 3720 et
923 3675 1131 3719 contemtores
1149 3679 1253 3723 earum

205 3806 744 3841 W·
761 3840 767 3849 .

257 3908 290 3957 lt)
319 3906 339 3951 Λ
363 3899 448 3955 indicii
468 3900 516 3947 tui.

257 3985 285 4035 l)
319 3985 346 4030 Λ,
365 3988 506 4038 pascuntur.

256 4069 291 4114 m)
318 4063 348 4109 t.
367 4068 460 4116 captus.
