2574 4732
581 339 670 407 tsts.
847 402 849 409 ,
988 412 989 417 1
1102 338 1162 408 157

182 505 275 561 Sexto
295 501 383 559 iliud:
410 501 439 557 si
458 493 624 557 habueritis
630 497 747 569 fidam,
773 498 850 554 stuc
867 512 1001 573 prorsum
1021 498 1162 568 sinopis,

114 603 145 653 et
161 596 304 654 &eritis
317 596 415 653 monti
432 595 522 663 huic,
539 596 641 649 transi
657 593 745 660 hinc,
771 598 801 647 et
816 608 878 648 non
895 588 1109 649 toesncierteis
1127 595 1161 648 in

113 689 253 748 cordibus
270 691 398 756 nestris,
415 705 504 744 omen
514 684 581 743 dico
597 685 692 758 nobis,
700 687 774 759 fiet.
807 686 848 742 Et
868 688 892 742 si
907 697 1005 742 totum
1023 686 1163 758 Evange-

113 784 187 841 iium
207 799 383 856 percurraae
401 783 534 838 invenies
550 783 687 853 exempla
701 783 755 836 alia
768 781 879 844 muita,
899 796 964 851 quae
984 776 1162 836 omniauo'ti

112 878 224 935 deiide
242 879 388 947 generali,
405 879 458 933 sed
474 876 664 946 particulari,
690 886 721 931 et
738 891 802 946 quae
819 875 855 928 ad
873 873 1161 945 effectnmaiiquem

106 981 290 1044 praesentem
312 973 475 1043 pertineat,
503 972 653 1027 dicuntur.
703 968 806 1044 Quare
829 967 999 1023 necessaria
1024 975 1071 1023 est
1087 968 1161 1025 tides
1202 1023 1204 1026 ,
1231 1037 1235 1054 Ι

113 1075 198 1121 certa
206 1066 403 1134 absolvendo,
413 1080 482 1120 cnm
490 1074 673 1121 sacramenta
688 1079 773 1117 nova
786 1061 966 1131 iegis‚juxta
975 1060 1162 1132 magistrum,

113 1156 224 1215 sintin
245 1159 443 1229 exercitium,
461 1167 492 1214 et
511 1153 712 1213 actuationetn
733 1155 799 1210 iitiei
819 1165 931 1210 nostrae
951 1155 1095 1209 instituta.
1148 1186 1154 1213 i

182 1251 331 1324 Septimo,
362 1252 433 1309 hinc
455 1252 534 1307 enim
561 1252 723 1323 discipulos
751 1261 782 1305 et
808 1247 935 1306 Petrum
962 1263 1041 1340 eppe
1067 1248 1165 1318 arguis

113 1344 282 1415 Dominus,
302 1349 382 1419 quod
401 1357 501 1402 essent
522 1347 648 1401 modicae
665 1344 751 1413 fidei,
770 1358 832 1398 non
848 1344 995 1412 generalis
1014 1342 1109 1409 iliius,
1130 1350 1167 1398 ut

114 1441 242 1508 dicitur,
260 1442 313 1496 sed
333 1442 490 1511 specialis,
509 1442 546 1496 de
566 1440 677 1495 effectu
694 1449 855 1511 praesente,
872 1448 907 1492 at
924 1445 1016 1508 patet.

106 1547 109 1556 ·
181 1534 321 1602 Octavo,
348 1532 459 1589 Jacob.
482 1534 512 1589 I:
536 1536 565 1589 si
588 1535 656 1607 quis
676 1532 791 1606 indiqu
808 1532 980 1600 sapientia,
996 1528 1128 1599 postulet
1143 1546 1166 1585 o

27 1638 32 1647 '
106 1624 199 1691 Deo,
215 1627 347 1698 postulet
366 1634 467 1682 autern
488 1627 616 1695 infide,
633 1626 713 1682 nihil
730 1625 894 1680 hesitans:
912 1639 986 1679 riom
1005 1623 1165 1697 qutvnaesi·

113 1728 178 1785 tot,
203 1721 315 1778 ,similis
330 1721 493 1789 estfluctui
511 1721 629 1787 maris,
656 1721 709 1788 qui
731 1726 817 1774 cento
832 1725 985 1773 mouetur:
1009 1734 1070 1773 non
1092 1734 1167 1792 erqo

115 1813 466 1882 exsecrationem,
491 1813 572 1886 quod
590 1815 717 1883 accipiet
741 1813 859 1886 aliquid
876 1829 897 1867 a
923 1812 997 1868 Deo.
1034 1812 1095 1867 Ista
1115 1821 1163 1866 est

115 1917 201 1962 certe
220 1908 441 1964 evidentissima
461 1908 623 1975 autoritas,
642 1909 730 1963 etiam
750 1923 861 1977 cogens
883 1923 933 1961 me
951 1907 986 1965 ad
1003 1905 1081 1960 hanc
1097 1920 1168 1961 seu.

114 2002 258 2069 tentiam,
277 2000 359 2072 quod
379 2002 503 2072 gratiam
522 2011 572 2058 ant
592 2003 766 2074 sapientiam
783 2001 883 2057 nulius
897 2002 1034 2071 accipere
1052 2008 1165 2071 potest,

115 2095 168 2166 qui
196 2094 312 2150 dubitat
337 2111 404 2150 sese
431 2096 647 2167 accepturum:
675 2113 732 2152 nec
748 2095 856 2163 video,
884 2096 955 2166 quid
975 2095 1011 2150 ad
1034 2108 1101 2149 enm
1118 2109 1167 2148 re.

115 2192 258 2261 sponderi
278 2191 383 2258 possit.
723 2200 726 2207 ’

164 2282 276 2352 Nono,
295 2284 330 2339 Β.
343 2280 440 2352 ‘Virgo
457 2300 607 2356 nunquam
627 2285 816 2356 concepisset
837 2284 929 2339 filium
944 2283 1016 2352 Dei,
1037 2283 1167 2337 nisiein.

114 2377 182 2446 geio
204 2378 363 2432 nunciante
383 2378 559 2434 credidisset
578 2381 618 2433 ita
639 2380 793 2452 intutum,
811 2391 844 2434 ut
861 2378 1071 2445 dicerettfiat
1088 2376 1165 2431 milti

113 2472 273 2528 secundior
294 2470 414 2526 verbum
441 2479 535 2526 tumn.
580 2475 663 2529 Sicut
686 2475 829 2545 praedicnt
853 2472 1026 2527 Eiizabeth:
1056 2469 1167 2534 beato,

114 2582 181 2641 pure
203 2564 374 2634 credidisti,
387 2558 474 2646 *puio
491 2566 689 2635 perficientur
710 2568 741 2620 in
765 2574 814 2633 te,
837 2582 902 2637 quse
923 2565 1092 2619 dictasunt
1113 2560 1167 2616 tibi

114 2678 136 2716 α
159 2659 302 2714 Domino.
348 2655 434 2712 Unde
458 2659 546 2737 figiem
567 2661 631 2729 ejus
654 2661 782 2715 miratur
808 2660 894 2713 divus
919 2657 1113 2711 Bernhardas
1136 2665 1167 2710 et

114 2757 256 2808 universa
282 2751 428 2806 Ecclesia.
474 2752 523 2805 Sic
550 2752 692 2806 Samuelis
719 2762 815 2805 mater
841 2750 969 2817 Henna,
1006 2759 1167 2820 postquam

106 2849 244 2902 credidit
264 2844 360 2899 verbo
379 2843 445 2910 ΕΗ,
465 2844 553 2912 abiit,
578 2855 609 2899 et
628 2845 730 2900 vuitus
755 2845 818 2913 ejus
836 2860 896 2898 non
923 2854 970 2899 est
990 2843 1115 2912 amptius
1136 2844 1167 2898 in

113 2941 233 2995 diversa
257 2947 397 2993 mutatus.
434 2936 566 3004 Contra,
591 2938 640 2994 iiiii
664 2938 776 3005 israel,
794 2937 862 3007 qnia
886 2930 950 2991 non
972 2937 1166 2994 crediderunt

114 3033 212 3089 verbo
229 3032 431 3104 promittentis
450 3039 560 3085 terram
575 3032 716 3099 Cannam,
735 3034 763 3086 in
780 3033 900 3086 deserto
919 3031 1163 3102 prostrati‘sunt.

182 3127 223 3182 Et
250 3127 400 3192 breviter,
427 3127 571 3197 quicquid
595 3127 710 3182 illustre
736 3127 848 3181 factum
872 3127 995 3195 tegimus
1015 3126 1044 3184 in
1068 3128 1165 3183 veteri

115 3231 146 3276 et
173 3237 251 3279 nova
275 3222 358 3289 iege,
386 3220 443 3274 tide
464 3222 577 3275 factum
599 3237 666 3277 esse
686 3221 829 3289 tegimus,
847 3236 908 3274 non
928 3219 1089 3290 operibus,
1108 3237 1167 3275 nec

114 3313 173 3369 fide
193 3315 342 3383 generali,
370 3315 421 3368 sed
444 3314 633 3385 particulari.
661 3317 696 3370 ad
718 3323 892 3386 praesentem
912 3316 1055 3370 effectum
1073 3315 1168 3371 desti.

114 3418 193 3463 nata.
230 3407 302 3461 Inde
322 3408 394 3462 nihii
413 3407 490 3462 aliud
506 3409 536 3462 in
552 3408 704 3479 Scriptura
722 3425 810 3480 qnam
828 3408 900 3464 fides
919 3409 1166 3478 commendatur,

112 3500 282 3572 praesertim
311 3500 461 3568 Abrahae,
493 3501 582 3556 Rom.
611 3502 681 3571 tw,
717 3519 781 3574 quae
806 3512 904 3556 tamen
934 3504 989 3558 suit
1011 3504 1040 3557 in
1073 3503 1166 3556 titium

112 3595 300 3649 nasciturum
317 3595 419 3660 isaac,
438 3606 468 3648 et
487 3595 680 3651 nihilominus
702 3607 748 3651 est
765 3597 792 3651 ei
808 3597 840 3650 in
857 3597 1000 3664 iustitiam
1017 3603 1165 3667 reputata.

113 3688 163 3742 Sic
182 3697 213 3742 et
229 3687 316 3742 nobis
336 3689 364 3741 iu
382 3689 575 3743 sacramentis
595 3689 661 3751 iiet:
688 3692 712 3746 si
735 3692 903 3758 credimus,
933 3689 1164 3760 consequimur:

116 3781 140 3835 si
160 3798 221 3835 non
240 3780 409 3847 credimus,
428 3782 457 3834 in
472 3782 620 3862 judiciuin
640 3787 820 3840 accedimus.

191 3873 342 3935 Decimo,
372 3885 401 3929 et
424 3873 459 3929 B.
484 3877 668 3944 Augustinus
693 3894 783 3950 super
806 3876 1000 3932 iohannem:
1035 3874 1164 3929 Accedit

113 3966 243 4022 verbum
268 3967 303 4020 ad
329 3965 530 4037 elementum,
556 3980 586 4025 et
617 3971 649 4026 iit
677 3983 915 4027 sacramentum:
940 3985 1000 4025 non
1023 3967 1091 4038 quie
1115 3966 1163 4033 fit,

113 4061 167 4117 aed
184 4059 253 4132 quia
271 4061 415 4117 creditur.
448 4060 531 4117 Ecce
551 4062 722 4136 Baptismus
742 4064 852 4120 abluit:
872 4079 933 4119 uon
952 4063 1022 4134 quia
1042 4060 1090 4128 iit,
1108 4061 1161 4116 sed
