2574 4732
569 321 665 392 ww

503 489 729 566 limmm

496 659 732 732 7707077.

340 841 389 914 us
413 840 470 911 777
490 837 614 919 orlon
632 800 916 920 7770777777,
979 882 984 892 .
1008 812 1013 819 “

242 974 245 979 -
300 988 437 1068 7777777777
453 1015 555 1070 unicui
569 1014 678 1060 sultuna
693 999 791 1068 roclena
805 1012 941 1064 6777777777.

145 1195 196 1250 ssm
211 1196 490 1248 7777777777737.
518 1200 626 1246 vites.
643 1200 727 1251 1177
754 1196 1025 1251 mcutsdmlttenn.
1045 1198 1091 1245 IX.
1112 1199 1148 1249 97.

53 1275 57 1282 ’
94 1275 260 1339 37777777.
289 1281 512 1334 7777777357.
541 1283 805 1338 7777777777295.
833 1277 1009 1336 7777777177.
1032 1283 1147 1335 7677777

93 1355 148 1423 tud
163 1371 198 1418 777
212 1373 324 1449 7777777777
338 1374 378 1422 777
394 1372 501 1428 77777777
517 1382 542 1426 nt
557 1370 643 1423 7777777.

93 1532 308 1588 Reuerendo
296 1551 330 1588 m
357 1533 476 1591 Cirism
502 1533 598 1591 Pon-i
624 1546 662 1588 oe
680 1532 841 1598 Domino,
876 1530 961 1587 Deo.
985 1529 1148 1602 Adolpdo,
1179 1586 1184 1595 ,

162 1625 416 1702 Mersburqensis
429 1627 574 1683 Ecclesiae
585 1627 753 1696 Episcopo,
767 1624 998 1681 clementissine
1009 1623 1146 1682 Domino

162 1735 234 1789 7770,
250 1722 395 1792 inprimis
410 1721 560 1796 qratioso.
581 1718 616 1788 ⁸)

537 1890 711 1949 Jeeua.
792 1928 794 1937 ·

96 2018 179 2114 Sere
194 2055 386 2112 commendat
402 2071 472 2110 cum
494 2056 576 2111 omni
598 2054 788 2126 subjectione
805 2065 836 2113 et
855 2059 1035 2123 reverentia.
1072 2058 1149 2134 Cer.

96 2152 158 2207 tior
182 2151 309 2217 iectus,¹
327 2149 494 2207 reverende
517 2149 547 2203 in
565 2147 690 2206 Christo
710 2148 821 2218 Peter,
846 2151 1043 2217 illustrissime
1060 2151 1149 2208 Prin.

96 2260 186 2317 cepa,
212 2260 302 2316 quam
322 2243 400 2299 male
428 2259 485 2312 ego
512 2243 589 2314 apud
612 2252 694 2297 tuum
713 2245 910 2299 reverendam
930 2245 1147 2319 Puleruitatem

95 2356 157 2412 praa
178 2338 452 2405 cetenensium,
479 2337 519 2392 ob
540 2336 703 2408 quosdam,
730 2338 779 2408 qui
805 2338 870 2393 sive
892 2338 958 2403 7710
980 2338 1059 2411 Dei,
1083 2340 1148 2413 sive
1181 2368 1184 2373 ‚

94 2434 154 2489 alio
173 2435 284 2489 effectu
300 2434 392 2504 rapti,
420 2448 488 2487 mea
503 2433 603 2488 omnia
622 2432 783 2487 traducunt
799 2433 903 2503 aliter,
931 2449 1021 2504 quam
1036 2433 1149 2505 vellent

96 2542 149 2583 sue
177 2527 326 2596 dquovis
345 2527 479 2583 traduci:
507 2543 570 2580 non
592 2525 677 2593 potui
696 2526 845 2580 rationem
866 2525 979 2580 habere
1002 2534 1068 2599 ⁸turn
1088 2535 1147 2582 tute

96 2618 327 2686 magnitudinis,
345 2633 434 2688 quam
450 2626 523 2671 777777
542 2616 715 2689 pernitiosis,
733 2619 803 2686 quin
823 2617 1034 2673 auderemhis
1052 2617 1148 2672 literis

75 2741 77 2744 ·
97 2711 243 2767 thronum
261 2696 485 2765 Dominationis
501 2719 561 2762 tua
575 2708 730 2778 accedere.
765 2709 859 2780 quue
878 2709 960 2773 nulla
975 2709 1030 2762 alia
1045 2724 1148 2779 causo,

96 2819 187 2875 quam
213 2818 250 2859 ne
282 2800 466 2857 conscientia
494 2816 561 2854 mea
589 2799 662 2859 olim
687 2815 742 2861 7777Ι
762 2809 910 2870 vexaret,
932 2799 957 2854 si
986 2801 1149 2856 occasione

99 2897 214 2952 silentii.
231 2898 295 2952 mei
311 2903 361 2949 eut
373 2893 486 2948 veritas
500 2892 541 2948 ibi
557 2891 795 2962 periclitaretur,
812 2899 864 2948 aut
880 2891 1037 2949 hominum
1055 2893 1148 2965 saluo,

98 2991 151 3046 ubi
173 2990 304 3044 maxime
322 2988 412 3042 debet
430 2997 495 3043 tuta
513 2995 543 3040 07
560 2996 624 3040 reta
642 3000 719 3040 7777.

165 3084 192 3138 Si
216 3085 295 3158 enim
314 3081 493 3148 falsarunt,
510 3079 621 3151 quaein
637 3094 686 3133 me
706 3087 890 3148 congerunt.
909 3097 969 3135 non
988 3081 1052 3136 eine
1068 3082 1149 3153 peri.
1246 3074 1249 3079 ’

96 3177 167 3232 0010
196 3178 382 3240 creduntur,
415 3175 495 3245 quod
526 3175 585 3228 hac
613 3171 670 3228 fide
702 3174 793 3245 impie
818 3173 892 3229 liant
922 3175 1007 3229 717707
1041 3193 1057 3229 7
1090 3175 1147 3232 fide

98 3269 226 3338 Christi,
252 3269 338 3339 cujus
362 3269 518 3324 veritatem
545 3268 620 3322 falso
646 3279 815 3324 accusatum
835 3284 892 3339 pro
915 3271 1073 3326 mendacio
1092 3270 1149 3326 hs.

99 3362 191 3428 bont,
216 3366 387 3435 quicunque
408 3361 591 3417 delatoribus
610 3362 778 3418 istiusmodi
799 3362 936 3418 credunt.

166 3441 233 3512 Nec
257 3457 374 3512 difficile
402 3465 466 3523 777,
493 3456 582 3511 etiam
603 3454 760 3526 Principes
788 3456 871 3530 viros
895 3456 954 3511 felli
979 3455 1145 3512 adulatoria

97 3550 254 3613 sedulitate
275 3551 518 3620 speciosissima,
543 3551 662 3621 quando
686 3550 806 3617 David,
832 3565 889 3605 rex
916 3551 1145 3620 integerrimus,

97 3660 158 3700 uno
185 3643 253 3699 Sibe
281 3645 458 3713 adulatore,
491 3645 521 3699 in
545 3643 765 3715 Mephiboeeth
789 3646 883 3701 saeviit
913 3648 1075 3717 seductus:
1114 3652 1150 3700 77
1250 3639 1253 3647 ’

97 3737 262 3808 iosaphat,
292 3737 391 3811 bonus
418 3751 490 3808 rex,
522 3754 580 3794 uec
614 3754 688 3795 sano
712 3736 871 3810 Propheta
898 3738 1024 3812 Michea
1048 3736 1147 3807 0077777

152 3989 182 4036 a)
209 3981 271 4033 ned
293 3984 404 4032 777777.

193 4062 316 4147 777
