2574 4732
172 302 237 389 'itta
655 306 754 376 esto.

174 476 313 540 nmen
330 472 441 547 pioque
465 468 565 540 Vtro,
584 467 720 527 Domino
739 467 876 545 Georpio
894 462 1077 539 spalatino,
1097 468 1247 529 deuo-ie

247 569 408 640 Principis
423 564 567 623 saconia
580 563 752 630 Hectoris,
769 578 825 620 suo
838 563 874 620 r'n
887 561 1023 621 Domino
1039 563 1245 624 moisem

622 712 796 772 desua.

177 850 331 943 Salutem.
366 879 462 937 Valde
484 878 619 955 gaudeo,
641 893 692 931 nse
713 892 790 934 onus
814 876 965 934 scribendi
992 888 1102 934 contro
1127 878 1242 938 Alveltl

178 980 302 1041 nomine
324 972 426 1031 irttris
444 972 503 1029 mei
522 968 699 1029 instituisse.
734 968 815 1025 Vicit
830 971 956 1027 homo
948 971 1055 1042 ingenii
1072 973 1134 1028 mei
1158 975 1241 1033 vires

180 1076 271 1134 etium
286 1062 585 1161 incomparabiliter,
608 1074 643 1119 ut
661 1063 781 1121 ruditati
799 1064 865 1137 ejus
883 1080 944 1122 non
962 1066 1131 1137 potuissem
1152 1068 1242 1139 digna

179 1182 341 1243 reponere.
377 1140 546 1237 Necvidi,
570 1146 768 1223 mandisti,
791 1174 849 1213 nec
870 1159 928 1229 legi
956 1156 1067 1215 librum
1094 1162 1242 1220 omnibus

178 1265 221 1345 ita
241 1252 361 1331 syllabis
379 1232 545 1325 insulsum,
562 1253 706 1309 stultum:
732 1250 868 1307 breviter
888 1252 1009 1308 nomint
1029 1255 1139 1309 desunt
1146 1274 1242 1329 ,quo

179 1352 297 1413 censeri
318 1348 423 1441 possit.
458 1346 556 1403 Hodie
576 1344 726 1417 complevi
746 1346 930 1415 signatores,
949 1363 1024 1418 quas
1044 1346 1130 1404 fratri
1153 1350 1241 1419 dedi,

179 1459 216 1507 nt
234 1445 378 1516 redigat
370 1461 401 1500 ιιι
412 1428 563 1511 formam,
583 1437 731 1513 brevique
748 1428 932 1509 ubsol'vetur.
951 1440 1061 1496 Itidem
1084 1452 1116 1497 et
1132 1458 1241 1501 sermo

180 1542 219 1599 de
242 1537 387 1615 operibus
406 1520 542 1603 linietur,
559 1528 673 1609 s'pero,
689 1530 787 1590 brevi.

248 1624 312 1691 P'ro
333 1622 476 1705 Principe
496 1624 653 1685 orabitur.
672 1628 765 1684 modo
785 1644 823 1684 ne
842 1629 872 1685 in
890 1636 1010 1687 nostras
1029 1628 1188 1688 confidere
1209 1642 1241 1689 tu

180 1712 306 1815 incipias
322 1720 493 1793 orationes,
516 1716 597 1778 'sed
588 1738 619 1777 ιιι
637 1720 697 1777 D'ei
716 1722 921 1795 promittentis
941 1724 1098 1781 orantibus
1117 1725 1242 1783 bonite.

181 1832 262 1905 tens:
280 1835 476 1893 speroque,
465 1806 617 1873 Dominus
636 1833 705 1871 eum
728 1817 838 1879 nobis
859 1816 922 1874 into
942 1815 1027 1874 eibi
1020 1836 1048 1874 ιιι
1066 1814 1116 1875 bis
1139 1824 1242 1880 causis

181 1896 326 2003 terrebit.
360 1900 523 1969 ΜὶΙιίἱίιιιιι
540 1906 729 1969 Miscensem
752 1904 783 1966 e't
800 1910 876 1968 alios
896 1927 957 1967 non
975 1929 1100 1969 moror:
1126 1916 1242 1974 vellem

182 2024 290 2089 ornnes
317 2016 461 2081 tyrannos
470 1998 595 2061 Romo
621 2020 688 2060 esse
707 2002 785 2059 male
787 2019 940 2076 securos,
961 2016 994 2063 ut
1018 2004 1182 2079 aliqnando
1210 2028 1243 2067 te

182 2082 325 2163 homines
338 2116 426 2166 esse,
432 2097 495 2189 poi
513 2097 617 2153 Deunr
632 2094 773 2165 habemt,
790 2110 1022 2169 cognoscerent.
1040 2098 1109 2156 Scio
1121 2096 1245 2160 Lucam

182 2196 300 2253 habere
316 2182 458 2264 pennum,
473 2190 527 2245 aed
545 2188 707 2256 omnium,-
721 2189 771 2245 cui
789 2190 908 2261 debeat,
922 2208 982 2249 nec
1003 2210 1060 2264 ego
1072 2198 1244 2265 postulavi.

183 2288 251 2377 vipi
270 2294 301 2349 et
319 2281 492 2373 undulatos,
519 2280 748 2345 umbrescit,
776 2284 825 2339 cui
850 2282 977 2339 debeant
999 2300 1056 2339 nec
1078 2280 1246 2354 postulato

183 2385 273 2436 sunt:
305 2391 342 2429 ne
364 2374 447 2428 forte
469 2388 559 2427 error
578 2368 679 2441 fieret,
704 2374 730 2428 si
754 2385 784 2428 et
806 2376 870 2431 aliis
895 2376 1001 2431 eadem
1028 2386 1108 2431 emta
1134 2394 1246 2439 essent

181 2472 275 2528 Forte
293 2468 384 2525 hodie
403 2468 438 2522 ad
456 2482 512 2523 vos
530 2475 680 2521 venerunt
699 2468 809 2523 omnin.

252 2564 350 2621 Habui
365 2571 432 2618 ante
450 2560 575 2616 biduum
592 2559 730 2614 nuntium
745 2576 785 2616 ex
797 2562 943 2620 silvestro
959 2566 996 2620 de
1010 2565 1245 2642 Schaaenberg,

184 2660 279 2718 nobili
300 2658 437 2724 Franco,
464 2656 551 2726 errius
571 2664 602 2729 et
617 2654 743 2711 filiolum
764 2656 816 2711 hic
834 2656 976 2730 Philippo
993 2662 1244 2734 commendavit,

185 2754 382 2830 promittente
401 2766 540 2807 securam
560 2749 702 2818 tutelam,
727 2750 754 2806 si
775 2764 899 2822 quoquo
921 2753 1015 2810 modo
1030 2750 1065 2822 ²)
1091 2754 1243 2831 Princeps

186 2850 245 2905 mei
268 2864 355 2903 causa
375 2845 606 2919 periclitaretur.
644 2843 737 2918 Quod
758 2854 791 2899 ut
816 2862 879 2901 non
903 2857 1089 2915 contemno,
1108 2849 1149 2904 itt
1168 2853 1244 2906 nolo

185 2944 241 2998 nisi
270 2942 394 2998 Christo
413 2949 589 3010 protectore
613 2938 678 3007 niti,
704 2938 755 3010 qui
777 2934 856 2994 lorte
883 2948 914 2993 et
939 2939 1021 2995 hunc
1047 2941 1074 2994 ei
1099 2943 1244 3011 spiritum

186 3037 280 3091 dedit.
329 3034 402 3089 Vale
428 3035 461 3088 in
482 3033 633 3090 Domino.
674 3033 838 3089 Dominica
866 3032 982 3088 Vocem
1010 3033 1245 3107 «Iucunditatis,

188 3144 267 3183 anuo
286 3128 424 3184 Moxx.

745 3220 899 3278 Martinus
917 3220 1090 3288 Litteras,
1109 3224 1245 3291 August.

247 3514 276 3561 a)
305 3482 377 3559 Οιιᾶ.
390 3509 458 3562 Jen.
473 3512 604 3567 quomodo.

458 3784 981 3811 nna-*annam
