2574 4732
645 330 736 402 1519.

601 503 776 564 Jesue.

165 646 317 740 Salutem.
352 682 491 740 Breviter
509 683 630 757 accipe,
647 687 689 741 mi
707 684 843 754 Egrane,
862 677 894 744 iu
915 699 978 758 quo
993 685 1064 743 loco
1082 685 1143 742 sint
1159 701 1210 740 res

164 795 249 835 mera.
294 777 420 832 Carolus
440 779 476 857 de
497 778 609 834 Mittite
627 781 737 835 missus
758 780 792 834 ad
812 778 985 852 Principem
1004 789 1141 837 nostrum
1163 793 1211 833 ar.

164 889 264 928 matus
288 873 356 944 plus
378 876 422 931 to.
447 874 620 943 apostolicis
651 873 823 943 Brevibna,
848 875 878 929 iu
898 875 961 930 hoc
983 875 1098 931 scilicet
1116 874 1211 941 datis,
1266 882 1268 887 '

166 976 202 1021 ut
225 983 272 1019 me
293 967 396 1020 vivum
420 981 455 1020 ac
480 968 613 1021 vinctum
635 969 815 1038 perduceret
833 969 863 1023 in
879 960 1065 1039 Hierusalem
1083 967 1213 1022 homici-

167 1060 234 1115 dam
259 1059 339 1113 illam
358 1058 506 1116 Romam:
532 1061 583 1115 sed
606 1063 757 1130 perviam
778 1079 795 1116 n
816 1063 952 1119 Domino
970 1072 1160 1135 prostratus,
1183 1061 1213 1115 id

162 1162 232 1221 est,
252 1152 440 1206 multitudine
462 1152 535 1208 mibi
556 1153 723 1209 faventium·
737 1157 881 1224 territus,
901 1157 990 1226 juxta
1010 1157 1092 1228 quod
1114 1155 1215 1210 curio.

167 1247 286 1302 sissime
302 1243 413 1314 ubique
429 1246 466 1299 ‹lc
482 1247 541 1301 mei
558 1249 699 1319 opinione
713 1248 941 1321 exploraverat,
959 1251 1087 1304 mutavit
1100 1249 1215 1304 violen.

166 1341 239 1396 tiam
258 1340 287 1393 iu
308 1338 545 1394 benevolentiam
566 1341 961 1411 fallacissimesimnlatam,
986 1358 1075 1412 egens
1093 1358 1212 1400 mecum

167 1433 269 1490 multis
292 1448 362 1486 sane
387 1433 504 1501 verbis,
533 1445 565 1489 ut
588 1453 644 1508 pro
664 1437 783 1492 honore
800 1434 945 1492 Ecclesiae
963 1435 1106 1490 Romanae
1125 1451 1214 1490 revo.

169 1540 269 1582 cerem
287 1541 353 1579 mea
371 1527 460 1582 dicta.
497 1530 552 1584 Cui
573 1532 712 1602 respondi
727 1531 756 1586 in
771 1532 850 1586 hanc
863 1530 1057 1585 sententiam:
1077 1529 1214 1599 praescri.

168 1619 258 1676 batur
286 1621 395 1675 modus
424 1624 600 1692 revocandi,
627 1634 657 1681 et
682 1626 794 1682 erroris
826 1639 914 1679 causa
939 1624 1046 1690 detur,
1072 1623 1125 1677 sed
1148 1621 1214 1675 ralis

170 1731 235 1788 quae
255 1719 344 1786 vulgo
365 1732 394 1774 et
409 1719 535 1775 eruditis
551 1721 622 1774 satis
648 1720 686 1775 sit
709 1719 866 1787 speciosa,
892 1735 930 1773 ne
951 1716 1104 1773 revocatio
1128 1714 1214 1768 malae

169 1812 281 1881 speciei
301 1814 365 1882 plus
384 1813 443 1869 odii
464 1813 597 1868 concitet
615 1815 759 1869 adversus
777 1813 918 1869 Romam.

242 1904 445 1960 Convenimus
460 1909 577 1961 taudem
597 1907 627 1961 in
643 1906 812 1979 Episcopus
833 1916 883 1962 aut
902 1904 1145 1972 Salaburgensem
1164 1907 1216 1955 aut

170 1997 405 2066 Trevirensem,
432 2012 466 2054 ut
492 2000 542 2054 uni
570 2000 682 2055 horum
705 2017 795 2058 cansa
822 2000 1084 2056 committeretur:
1111 2014 1145 2052 ac
1172 1996 1217 2051 sic

172 2092 268 2144 amice
293 2092 484 2146 discessimus
512 2092 601 2147 etiam
629 2108 697 2147 cum
720 2093 828 2149 osculo
854 2091 1130 2160 (Judtescilicet):
1149 2105 1218 2144 nam

173 2190 203 2236 et
223 2183 301 2236 iuter
320 2183 542 2238 exhortandum
563 2183 792 2254 lacrymabatur.
833 2184 898 2253 Ego
924 2200 1028 2239 rursus
1052 2183 1218 2239 dissimula.

169 2273 240 2330 bam
259 2275 314 2331 has
332 2277 479 2330 crocodili
504 2276 649 2343 lacrymas
674 2293 691 2331 a
714 2294 763 2332 ine
786 2277 934 2345 intelligi:
962 2278 1120 2347 hucusque
1150 2292 1220 2346 per.

172 2379 297 2423 ventum
316 2378 377 2422 est:
397 2369 466 2438 quid
485 2384 564 2423 nuno
585 2369 690 2425 Romae
709 2379 809 2439 agant,
829 2372 946 2440 ignoro.

244 2462 334 2517 Dixit
354 2440 474 2533 qbidem
495 2462 637 2531 Carolus,
656 2480 717 2520 nou
740 2464 832 2518 fuisse
853 2464 882 2518 in
903 2474 1024 2518 centum
1046 2463 1128 2518 aunis
1150 2479 1219 2517 cau.

174 2571 257 2625 sant,
283 2573 347 2628 quae
366 2557 430 2629 plus
448 2557 559 2626 negotii
582 2558 703 2614 lecisset
722 2558 813 2626 vulgo
837 2558 885 2613 isti
908 2558 1092 2614 otiosissimo
1118 2557 1223 2612 Cardi.

175 2651 287 2706 aralium
305 2662 334 2706 et
349 2651 580 2707 Romanarrtium
602 2652 856 2708 Romanatorum:
876 2669 989 2724 eosque
1009 2654 1114 2707 decem
1134 2653 1224 2706 millia

177 2746 357 2807 ducatorum
377 2746 477 2817 potius
495 2748 694 2816 profusuros,
724 2763 812 2819 quam
835 2749 1037 2818 permissuros
1059 2747 1137 2801 hanc
1158 2762 1222 2800 rem

179 2852 280 2911 soepto
299 2841 450 2911 prosequi.
485 2840 552 2910 Ego
576 2844 712 2911 gaudeo,
732 2851 761 2896 et
779 2842 849 2897 Deo
869 2843 968 2896 omnia
986 2842 1156 2897 committo.

235 2937 359 3007 ‚Scripsi
379 2942 523 2993 etentes,
544 2953 580 2991 ne
597 2937 746 3006 Cygueam
762 2937 966 3008 relinqueres:
983 2935 1096 3007 poteris
1110 2935 1139 2988 iu
1158 2931 1222 2986 otio

178 3028 301 3097 Cygueo
323 3029 440 3099 abunde
460 3044 498 3083 ex
518 3029 604 3086 libris
625 3035 757 3099 graecari.
799 3031 872 3087 Plus
892 3032 970 3084 euim
989 3028 1082 3094 Deo,
1109 3027 1223 3092 idest,

178 3122 291 3192 populo
309 3122 369 3176 Dei
388 3121 499 3187 debes,
519 3140 607 3193 qtrnm
624 3123 676 3178 tibi
697 3135 727 3180 et
743 3126 846 3181 literis.
884 3123 966 3193 Opto
987 3121 1083 3187 scire,
1103 3118 1174 3190 quid
1192 3130 1223 3174 te

180 3206 297 3269 ¹cruciet
320 3217 348 3269 in
373 3215 439 3269 fidei
457 3220 623 3286 sententia,
651 3235 715 3290 quae
732 3217 805 3273 mihi
826 3217 910 3288 plana
928 3224 957 3269 et
973 3224 1073 3286 aperta
1095 3213 1224 3270 vldetur.

155 3295 157 3298 ⁸
180 3307 260 3364 Nam
286 3309 374 3382 tidem
400 3326 456 3377 ego
475 3311 730 3383 justificantema
755 3306 898 3367 charitate
922 3326 982 3363 nou
1007 3325 1136 3380 separo:
1163 3311 1224 3364 imo

181 3403 250 3461 ideo
273 3405 425 3471 creditur,
450 3384 518 3475 quia
539 3380 638 3475 placet
655 3405 835 3473 etdiligitur
852 3403 893 3471 is,
921 3403 950 3458 iu
974 3418 1062 3475 quem
1081 3403 1226 3458 creditur.

184 3496 288 3557 Gratia
305 3497 375 3550 lacit
395 3497 513 3567 placere
532 3499 658 3553 verbum
676 3507 705 3555 et
721 3497 819 3553 credi:
838 3497 900 3552 hoc
919 3509 1017 3551 autem
1032 3505 1077 3552 est
1094 3497 1226 3564 diligere.

182 3590 250 3665 Nec
267 3588 339 3654 mihi
362 3590 461 3654 omnia
482 3591 615 3661 placent,
643 3610 707 3664 quas
725 3593 761 3647 de
782 3590 859 3657 fide,
890 3606 943 3662 spe
962 3599 992 3644 et
1013 3591 1159 3645 charitate
1180 3605 1229 3643 re.

183 3685 334 3744 centiores
357 3685 563 3755 disputarunt,
590 3689 641 3759 qui
666 3685 738 3740 mihi
760 3677 878 3739 ¹nullum
904 3685 1021 3739 illarum
1043 3684 1228 3740 intellexisse

186 3782 326 3848 videntur

252 3875 363 3937 Eocius
382 3886 486 3951 noster
511 3892 528 3929 a
550 3889 599 3930 me
619 3885 749 3931 tentatus
771 3878 927 3944 Augustae,
952 3882 987 3927 ut
1009 3890 1079 3929 cum
1103 3873 1230 3927 Carolo.

184 3972 283 4036 stadio
305 3981 412 4033 nostro
431 3971 537 4044 Lipsiae
556 3973 792 4040 congrederetur
807 3988 863 4042 pro
883 3971 1090 4041 componenda
1104 3977 1230 4023 conten.

185 4066 288 4147 tipus,
306 4069 426 4128 taudem
440 4066 602 4127 obsecutus
617 4078 679 4124 est:
698 4067 832 4137 sedandi
849 4065 979 4123 hominis
992 4063 1129 4135 figuram:
1148 4076 1230 4117 meas
