2574 4732
176 319 216 385 so
600 407 601 412 .
658 314 746 381 1517.

173 475 225 532 sed
235 474 270 528 ad
280 473 447 545 periculum
462 480 546 527 tuum
563 472 651 528 cedet
663 473 718 529 tibi
733 489 801 528 mea
812 473 951 543 amicitia,
969 475 1100 532 simodo
1114 492 1220 532 verum

174 577 220 624 est
236 568 449 640 proverbium:
476 568 657 622 Amicorum
677 567 781 622 omnia
799 569 982 625 communia.
1017 570 1133 644 Quodsi
1155 587 1221 624 mea

172 673 223 717 tua
240 679 295 734 per
311 662 471 717 amicitiam
487 662 573 716 istam
593 661 679 727 fiant,
699 644 777 717 nulla
792 679 825 716 re
843 663 1023 734 locupletior
1043 663 1110 727 lies,
1131 681 1222 735 quam

172 756 323 828 peccatis,
348 754 515 827 insipientia
531 755 643 826 pariter
664 765 695 809 et
711 755 881 824 ignominia.
917 758 968 811 llae
985 758 1062 812 enirn
1083 769 1152 813 aunt
1172 773 1222 811 res

146 866 264 921 ⁴meae,
292 866 366 920 quas
387 850 417 903 in
438 866 487 903 nie
504 849 662 904 contrariis
683 850 847 916 titulis(ut
872 851 956 918 dixi)
988 854 1109 908 ornasti.
1147 852 1222 920 Sed,

173 943 256 1011 scio,
279 942 436 998 Christum
453 944 547 1012 sapis,
567 951 597 995 et
615 943 713 998 dices:
732 961 793 999 non
811 953 857 1006 te,
878 946 931 1000 sed
953 945 1106 1001 Christum
1128 947 1157 1000 in
1173 958 1202 999 te
1213 986 1222 1012 ,

173 1037 316 1093 admiror.
335 1036 392 1091 llic
406 1052 479 1104 ego:
499 1036 653 1106 quomodo
669 1034 932 1107 Christusjustitia
947 1055 1019 1093 vera
1033 1055 1099 1094 esse
1110 1039 1223 1111 poterit

173 1132 347 1202 inpeccatis
364 1141 393 1185 et
408 1129 594 1198 insipientia?
611 1128 678 1183 Imo
693 1130 722 1186 id
738 1130 836 1201 ipsum
853 1140 899 1187 est
912 1148 1064 1187 summurn
1086 1133 1119 1200 b)
1138 1149 1223 1188 arro.

173 1225 298 1295 gantiae,
319 1238 498 1295 praesumere
515 1223 553 1276 de
569 1230 618 1290 te,
636 1224 716 1292 quod
731 1222 845 1289 Christi
862 1222 1068 1280 habitaculum
1087 1227 1147 1292 ais,
1165 1244 1223 1282 nec

171 1319 227 1373 niai
252 1315 420 1388 apostolico
439 1316 536 1370 ordini
552 1315 639 1371 facile
656 1315 855 1387 permittenda
873 1316 929 1371 iata
943 1318 1093 1386 gloriatio.
1126 1319 1223 1388 igitur

170 1411 306 1479 gratulor
326 1407 447 1480 quidem
463 1408 597 1464 felicitati
617 1418 687 1476 tuae,
706 1410 786 1480 quod
807 1410 896 1479 hujus
913 1411 982 1478 viri,
1001 1415 1094 1481 patria
1110 1414 1223 1480 nostri,

169 1504 307 1559 amicitiae
329 1512 359 1558 et
378 1503 568 1576 familiaritati
590 1484 738 1572 jungeris:
764 1504 817 1559 sed
835 1519 924 1575 parce
940 1503 1052 1559 honori
1073 1513 1146 1571 tuo,
1172 1516 1220 1569 et,

168 1613 206 1651 ne
227 1599 257 1652 in
275 1598 334 1652 mei
353 1597 513 1653 amicitiam
533 1598 707 1666 degeneres,
725 1613 817 1665 rog03
837 1613 1006 1668 quanquam
1018 1598 1081 1668 ipse
1096 1614 1219 1669 quoquo

171 1692 251 1747 idem
272 1693 454 1748 reverendus
471 1691 563 1747 Pater
582 1709 643 1746 non
662 1691 726 1745 sine
745 1691 855 1745 timore
876 1700 906 1743 et
932 1691 1066 1758 periculo
1085 1707 1154 1746 meo
1171 1707 1220 1745 mc

170 1787 303 1858 undique
315 1788 410 1856 jactat
427 1796 456 1840 et
475 1785 566 1841 dicit:
599 1783 752 1840 Christum
773 1784 806 1838 in
826 1790 855 1837 te
873 1783 1019 1853 proedico,
1052 1791 1080 1838 et
1099 1783 1221 1839 credere

170 1898 273 1954 copor.
311 1882 367 1935 Sed
390 1881 464 1934 dura
491 1880 547 1935 ista
577 1878 661 1935 fides.
696 1879 741 1935 Ea
764 1879 844 1934 enim
868 1887 914 1933 est
944 1878 1103 1934 infelicitas
1129 1879 1220 1949 hujus

169 1975 345 2029 miserrimae
364 1974 449 2041 vitae,
476 1981 510 2026 ut
531 1972 699 2027 laudatores
719 1982 750 2028 et
771 1972 877 2040 amici,
904 1989 965 2044 quo
988 1973 1098 2027 fuerint
1119 1974 1220 2045 plures

171 2077 201 2122 et
218 2067 464 2138 conjunctiores,
483 2082 519 2120 eo
541 2066 600 2120 sint
617 2067 827 2122 nocentiores:
846 2067 890 2121 sic
910 2054 1056 2137 scriptum
1076 2076 1136 2122 est:
1163 2066 1222 2122 ini.

170 2160 244 2216 mici
262 2158 409 2226 hominis,
427 2158 581 2214 domestici
600 2160 684 2229 ejus,
702 2168 732 2213 et
753 2175 873 2213 rursus:
893 2160 945 2230 qui
963 2175 1011 2212 me
1033 2157 1219 2221 laudabant,

169 2253 329 2310 aduersum
346 2270 394 2306 me
406 2251 580 2323 jurabunt,
607 2264 654 2308 et:
682 2252 776 2307 amici
798 2251 858 2305 mei
879 2259 907 2304 et
923 2251 1065 2321 proximi
1083 2253 1144 2306 mei
1164 2253 1220 2306 ud.

167 2363 288 2403 uersum
310 2364 359 2400 me
383 2347 688 2418 appropinquarunt,
718 2351 747 2398 et
769 2351 925 2400 steterunt.
972 2340 1106 2399 Tantum
1138 2347 1219 2400 enim

169 2442 286 2498 recedit
303 2442 390 2496 favor
408 2439 486 2508 Dei,
513 2448 657 2511 quantum
676 2439 793 2494 aceedit
816 2440 904 2493 favor
924 2437 1094 2494 hominurn.
1129 2436 1218 2495 Deus

170 2537 250 2592 enim
265 2544 313 2591 aut
334 2536 417 2591 solus
439 2545 489 2590 aut
510 2534 608 2594 nullus
628 2533 693 2588 vult
711 2549 778 2588 esse
797 2533 921 2587 amicus.
941 2517 1018 2588 Huic
1033 2533 1112 2587 malo
1128 2534 1218 2588 etiam

170 2630 309 2686 cumulus
330 2631 386 2686 iste
406 2629 542 2696 accedit,
569 2629 667 2699 quod,
693 2628 718 2682 si
738 2637 767 2681 te
792 2627 959 2697 dejeceris,
984 2627 1161 2697 laudemque
1187 2636 1218 2680 et

171 2726 306 2781 favorem
334 2723 500 2793 recusaris,
525 2739 561 2777 eo
584 2722 676 2789 magis
695 2721 760 2777 laus
781 2732 812 2776 et
831 2723 918 2776 favor
939 2722 1075 2791 (idest,
1100 2722 1218 2793 pericu.

170 2819 233 2875 lum
260 2828 290 2874 et
313 2816 462 2890 perditio)
492 2817 670 2887 insequitur.
708 2815 736 2871 Ο
764 2816 859 2871 multo
890 2816 1038 2871 salubrius
1064 2818 1165 2871 odium
1187 2825 1217 2871 et

168 2914 352 2985 vituperium
377 2913 510 2968 omnium
533 2912 620 2965 laude
645 2919 674 2964 et
700 2927 819 2965 amore:
847 2912 1089 2981 quandoquidem
1113 2911 1217 2964 odium

168 3008 262 3064 semel
288 3007 454 3073 periculum
480 3014 544 3075 est,
575 3022 660 3060 amor
681 3021 755 3059 vero
780 3004 827 3059 bis
851 3005 1018 3074 periculum
1041 3013 1095 3058 est.
1130 3003 1216 3058 Nihil

170 3102 296 3157 similius
319 3101 445 3165 amanti,
473 3100 535 3154 imo
559 3099 667 3152 amenti
693 3099 830 3166 mulieri,
858 3115 922 3168 quaa
944 3107 1048 3165 negata
1072 3097 1216 3151 furiosius

170 3195 377 3265 concupiscit,
407 3209 495 3264 quam
525 3192 587 3244 laus
610 3200 638 3243 et
663 3190 758 3258 gloria
779 3193 836 3245 ista
860 3190 1041 3261 temporalis.
1078 3190 1126 3243 Ab
1156 3190 1216 3243 hac

169 3290 268 3359 itaquo
292 3287 417 3340 muliere
445 3286 578 3338 adultera
597 3294 627 3338 et
651 3301 759 3355 prava,
788 3288 878 3351 vide,
908 3298 1020 3358 quanto
1046 3287 1145 3342 studio
1165 3306 1214 3343 mc

170 3382 320 3435 deterreat
343 3379 497 3448 Salomon,
530 3377 680 3433 Proverb.
702 3379 767 3435 Vll.
795 3390 824 3434 et
847 3380 933 3448 alibi,
964 3397 1052 3451 quain
1073 3381 1214 3452 alienam,

170 3487 361 3538 extraneam,
380 3483 410 3527 et
429 3472 654 3527 adolescentum
679 3475 882 3530 seductricem
904 3473 1058 3530 describit.

236 3567 308 3623 Non
324 3568 399 3621 liaeo
418 3566 532 3632 scribo,
551 3568 591 3620 mi
608 3568 720 3636 optime
736 3567 968 3638 christophore.
987 3569 1068 3638 quod
1081 3570 1212 3635 animum

168 3673 253 3721 tuum
276 3664 424 3732 integrum
447 3673 476 3715 et
502 3661 683 3715 benevolum
706 3670 901 3715 contemnere
920 3662 1010 3717 velim
1018 3681 1028 3730 3
1059 3664 1111 3718 sed
1131 3664 1212 3733 quod

167 3777 237 3814 meo
255 3774 376 3828 quoque
400 3757 498 3809 animo
516 3755 681 3809 timendum
702 3755 750 3809 sit.
786 3755 835 3809 Tu
857 3755 988 3812 officium
1007 3757 1045 3828 pii
1066 3767 1095 3811 et
1116 3757 1212 3813 chris.

168 3854 238 3910 tiani
256 3851 387 3907 hominis
407 3838 545 3920 praestas,
565 3849 615 3918 qui
629 3849 743 3905 nullum
762 3851 885 3906 omnino
902 3861 1096 3908 contemnere
1112 3852 1213 3920 debet,

220 4017 250 4106 bi
278 4052 341 4102 &dn
364 4065 468 4099 summae.
