2574 4732
113 303 173 366 120
477 353 480 358 .
506 327 508 331 ¹
589 293 678 359 tsts.

110 470 197 528 quam
214 453 320 524 singuli
341 467 424 524 pauc
441 452 541 525 apicas
557 450 640 509 olent
661 450 861 519 crassissima,
879 449 981 505 eadem
998 448 1046 504 illa
1066 449 1157 523 impia

109 562 140 606 et
163 548 301 605 haretici
326 555 513 614 statuerunt,
537 557 567 602 et
587 546 627 601 ita
647 553 833 612 statuerunt,
851 552 884 599 ut
903 544 1097 610 confessores
1107 545 1158 614 jn.

109 657 245 703 ramento
264 642 434 710 adigerent,
457 656 518 712 quc
534 639 601 696 hac
613 641 677 713 ipsa
695 638 865 696 fidelissime
884 638 1157 711 instantissimeque

110 737 221 809 populo
242 735 436 790 inculcarent.
964 736 967 742 '

178 830 257 885 Vera
277 830 364 898 dico,
393 839 450 884 nec
470 836 535 898 cst,
560 843 676 899 quoae
699 826 883 884 abscondant
908 843 924 881 a
951 823 1157 896 culumbae,

112 934 217 980 extant
250 923 361 991 libelli,
393 939 452 978 nec
483 931 608 991 possunt
640 937 758 990 negare.
806 919 980 989 Agebantur
1009 927 1075 975 tum
1108 919 1158 983 illa

112 1034 275 1092 prospere,
302 1026 333 1072 et
351 1014 575 1084 excusabuntur
599 1014 699 1086 populi
725 1014 806 1070 falsis
826 1014 957 1085 spebus,
978 1021 1010 1068 et
1031 1021 1063 1069 ut
1080 1012 1160 1077 Pro,

111 1114 203 1185 pheta
231 1112 288 1177 ait,
322 1124 447 1164 carnem
473 1107 617 1176 &supere
642 1104 756 1163 ossibus
782 1122 886 1163 eorum
910 1104 1072 1178 ἰοὶίιύωιι,
1101 1107 1157 1181 ipsi

112 1223 187 1262 vero
207 1204 398 1277 pinguissime
416 1211 446 1256 et
463 1200 637 1256 suavissime
655 1200 768 1256 interea
788 1199 996 1272 pascebantur.

179 1299 279 1373 Unum
299 1305 382 1362 erat,
403 1294 617 1368 quoqscandala
633 1294 794 1364 sedabant,
812 1295 930 1350 scilicet
946 1305 1048 1352 terror
1063 1298 1160 1353 nomi.

112 1392 159 1447 nis
181 1390 247 1456 tul,
276 1389 351 1460 iguis
367 1387 576 1450 comminatio,
605 1399 636 1457 et
656 1387 788 1444 haretici
806 1389 935 1445 nominis
951 1391 1160 1462 opprobrium.

112 1485 184 1539 liaec
221 1483 298 1538 enim
328 1480 503 1537 incredibile
526 1489 590 1549 est,
620 1497 709 1553 quarn
734 1484 875 1554 propensi
911 1483 971 1538 sint
989 1483 1160 1555 intentare,

114 1580 294 1651 quandoque
308 1577 410 1632 retiam
432 1578 455 1631 si
476 1576 507 1631 in
524 1576 616 1631 meris
634 1563 836 1648 opiniosisque
858 1577 943 1645 nugis
961 1577 1022 1631 suis
1041 1589 1163 1632 contra.

114 1673 280 1748 dictionem
299 1671 470 1747 senserint:¹
492 1671 516 1726 si
538 1680 637 1743 tamen
661 1671 723 1746 hoc
749 1681 795 1725 est
819 1670 956 1746 scandala
978 1673 1101 1739 sedare,
1125 1689 1161 1744 ac

114 1758 297 1838 non'potius
318 1780 402 1823 mera
426 1764 580 1839 tyrannide
611 1763 774 1840 schismata
796 1774 827 1822 et
856 1763 1018 1832 seditiones
1044 1765 1162 1821 tandem

116 1863 278 1917 suscitare.
316 1874 319 1879 ·
447 1849 449 1854 ’

184 1953 298 2008 Verum
317 1953 509 2010 nihilominus
525 1953 758 2009 crebrescebant
781 1952 958 2024 fabulas·per
974 1953 1111 2008 tabernas
1126 1953 1163 2016 dc

118 2047 240 2100 avaritia
254 2047 463 2114 sacerdotum,
480 2046 743 2115 detractionesque
755 2047 885 2100 clavium
895 2048 1069 2118 ,summique
1083 2045 1166 2102 Pon.

117 2136 222 2205 tiliois,
248 2149 282 2191 ut
308 2139 394 2192 testis
421 2147 468 2192 est
489 2153 551 2193 vox
572 2139 666 2193 totius
687 2137 777 2206 hujus
796 2147 895 2195 terras.
930 2138 996 2206 Ego
1016 2153 1086 2203 saue
1108 2138 1164 2202 (ut

118 2229 238 2294 fateor)
264 2245 320 2302 pro
346 2230 410 2284 zelo
435 2230 570 2298 Christi,
594 2231 682 2285 sicuti
707 2229 780 2285 milri
803 2229 944 2296 videbar,
976 2239 1047 2299 aut,
1077 2230 1103 2285 ai
1123 2232 1164 2284 ita

116 2321 234 2394 piacet,
259 2314 314 2393 pro
334 2322 458 2392 juvenili
485 2323 585 2377 calore
611 2323 742 2392 urebar,
765 2339 822 2378 nec
847 2334 945 2378 tamen
970 2338 1070 2378 meum
1098 2341 1167 2381 esse

117 2416 274 2478 videbam,
299 2417 381 2471 iniis
400 2417 561 2488 quicquam
579 2426 711 2472 statuere
729 2395 782 2472 aut'
798 2417 909 2471 fucere.

184 2511 318 2571 Proinde
344 2510 448 2568 monui
471 2511 609 2584 privatim
633 2511 748 2582 aliquot
771 2520 923 2579 magnates
943 2510 1165 2569 Ecclesintum:

118 2605 171 2661 bic
189 2605 226 2659 ab
243 2607 305 2659 aliis
319 2604 514 2676 acceptabar,
532 2606 597 2660 aliis
614 2605 772 2661 ridiculum
786 2600 838 2674 a),
857 2605 922 2659 aliis
941 2607 1018 2660 aliud
1036 2606 1172 2678 uidebar:⁴

118 2700 298 2770 pravalebat
315 2700 394 2754 eninr
413 2699 545 2754 nominis
559 2700 602 2754 tui
621 2708 723 2754 terror
744 2709 773 2753 et
792 2715 984 2754 censurarum
999 2703 1171 2759 intentatio:-

120 2795 240 2848 tsndem
270 2809 340 2864 cum
360 2792 435 2868 nibil
455 2809 576 2866 possem
598 2793 694 2856 aliud,
723 2793 822 2849 visum
841 2804 909 2863 cat,
935 2797 1038 2850 saltem
1062 2796 1171 2852 lenius.

122 2888 190 2941 cule
209 2887 245 2950 b)
264 2888 321 2943 illis
341 2889 498 2957 reluctari,
523 2889 552 2943 id
574 2896 637 2956 eat,
664 2904 771 2943 eorum
790 2889 928 2956 dogmata
950 2889 1121 2945 indubium
1142 2900 1172 2945 et

123 2980 355 3048 disputationem
374 2997 497 3037 vocare.
523 2981 628 3052 Itaque
643 2981 819 3036 schedulam
837 2982 1064 3054 disputatoriam
1084 2985 1173 3054 edidi,

123 3070 252 3127 invitans
272 3083 387 3128 tantum
406 3074 578 3143 doctiores,
604 3075 628 3129 si
649 3077 700 3146 qui
719 3074 832 3131 vellent
850 3092 970 3131 mecum
989 3078 1173 3148 disceptare,

124 3165 204 3234 sicut
221 3168 412 3222 manifestum
441 3184 506 3223 esse
534 3169 624 3223 etiam
646 3169 824 3226 adversariis
843 3180 987 3241 oportet,
1011 3187 1050 3226 ex
1070 3173 1175 3242 prais.

128 3257 212 3313 tione
231 3260 365 3329 ejusdem
385 3262 619 3332 disceptationis.

192 3349 293 3420 Ecce,
321 3351 383 3408 boc
405 3363 450 3408 est
475 3353 661 3426 incendium,
680 3373 742 3429 quo
761 3365 861 3413 totum
882 3359 1024 3413 mundum
1046 3375 1177 3429 querun.

124 3454 177 3500 tur
191 3446 388 3514 conflagrari,
409 3447 510 3519 torte,
527 3452 609 3520 quod
624 3451 811 3520 indignantur
826 3466 875 3505 ma
890 3468 996 3518 unum,
1017 3454 1177 3508 autoritate

125 3550 177 3594 tua
196 3531 361 3610 apostolica
381 3541 562 3610 Magistrum
580 3544 757 3614 Theolcgia
768 3584 778 3613 ,
793 3544 843 3615 jus
862 3546 993 3616 habere,
1013 3547 1041 3601 in
1060 3547 1179 3618 publica

127 3633 233 3689 schola
251 3626 417 3705 disputandi
439 3653 496 3708 pro
517 3653 603 3693 mora
625 3640 759 3693 omnium
772 3638 1008 3696 Universitstum
1029 3650 1061 3697 et
1081 3641 1179 3697 totins

128 3725 295 3806 Ecclesiae,
331 3744 391 3784 non
426 3731 519 3786 modo
556 3733 595 3787 de
625 3733 838 3814 indulgentiis,
874 3748 983 3805 verum
1015 3734 1105 3796 etiam
1142 3737 1181 3803 de

183 3949 214 3989 al
244 3944 375 3999 Autogr.
398 3943 525 4009 ridiculus.

184 4023 217 4097 bl
244 4023 272 4070 Α.
295 4024 437 4094 Ιενὶιιςευίς.
