2574 4732
1076 342 1139 416 499

86 505 199 570 tutem,
218 496 281 557 noh
298 498 428 569 segniter
444 499 610 555 momordi.
649 496 742 568 Cujus
757 515 807 554 me
826 500 900 557 adeo
920 519 982 558 non
1000 502 1138 576 poenitet,

88 605 121 651 ut
144 598 275 651 animum
300 595 487 662 induxerim,
516 602 672 649 contemto
699 593 858 651 hominum
883 595 1019 665 judicio,
1049 600 1140 661 inea

88 691 280 746 vehementia
297 690 352 743 zeli
370 704 588 759 perseverare,
608 685 721 742 Christi
742 688 900 758 exemplo,
920 691 970 761 qui
991 694 1140 760 genimina
1170 712 1175 721 ·

87 784 275 860 viperarum,
298 798 396 837 caecos
409 778 602 852 hypocritas,
621 780 698 836 lilios
714 781 841 850 diaboli,
861 799 933 838 suos
949 786 1139 845 adversarios

87 863 145 950 pro
164 877 230 932 zelo
250 893 305 931 suo
320 875 455 946 appellet.
473 875 518 940 *Et
534 875 645 932 Paulus
664 875 756 930 lilium
775 875 904 945 diaboii,
923 880 1043 949 plenum
1058 882 1140 939 omni

88 973 159 1026 dolo
182 979 213 1025 et
231 969 343 1024 malitia
361 985 483 1037 rrtagum
503 971 697 1037 criminatur,
717 985 827 1038 canes,
845 969 1008 1034 subdolae,
1029 989 1145 1044 caupo.

88 1076 211 1121 natores
231 1065 378 1135 quosdam
398 1064 547 1125 traducit:
565 1064 634 1131 ubi,
653 1066 677 1118 si
699 1064 752 1119 des
773 1064 944 1119 molliculos
964 1065 1039 1121 istos
1061 1067 1144 1122 audi.

88 1172 190 1228 tores,
225 1159 298 1214 nihil
327 1159 385 1214 erit
411 1157 507 1214 Paulo
533 1141 708 1213 'mordacius
737 1166 767 1211 et
793 1158 1013 1214 immodestius„
1059 1158 1144 1234 Quid
1175 1157 1178 1160 ⁴

85 1253 460 1325 mordaciueprophetis?
484 1251 593 1308 Nostri
614 1268 685 1308 saue
704 1253 804 1308 saeculi
825 1243 976 1322 moresd)
1005 1254 1046 1308 ita
1071 1254 1145 1310 deli.

88 1360 175 1404 catos
193 1342 322 1404 reddidit
345 1347 534 1406 adulatorum
557 1361 666 1401 vesana
687 1345 870 1414 multitudo,
896 1357 948 1416 ut,
974 1362 1063 1418 quam
1082 1348 1144 1419 pri.

88 1459 173 1496 mum
189 1452 291 1497 nostru
312 1457 373 1495 nou
393 1441 556 1495 sentiamus
577 1438 717 1513 probari,
735 1441 871 1495 morderi
890 1456 946 1496 noa
967 1441 1143 1511 clamemus,

34 1527 37 1531 ’
90 1545 121 1591 et
143 1552 212 1591 cum
235 1535 395 1591 veritatem
416 1534 473 1589 alio
491 1534 577 1588 titulo
596 1534 744 1605 repellere
763 1549 967 1603 nequeamus,
994 1534 1146 1590 mordaci.

89 1631 176 1700 tatis,
194 1628 400 1702 impatientia,
419 1628 616 1682 immodestiae
635 1632 784 1698 praetextu
798 1625 938 1696 fugimus.
975 1626 1057 1700 Quid
1073 1646 1146 1698 pro.

90 1726 168 1780 derit
185 1726 249 1794 sal,
266 1724 292 1778 si
311 1739 372 1778 non
393 1721 530 1776 mordeat
543 1720 598 1787 ⁰)?
626 1720 709 1795 Quid
730 1737 765 1776 os
783 1721 887 1789 gladii,
907 1721 936 1780 si
951 1737 1012 1776 uon
1030 1723 1144 1781 carate

89 1818 275 1874 Maledictus
294 1817 359 1885 vir,
377 1815 427 1886 qui
447 1813 519 1869 facit
539 1830 616 1886 opus
633 1814 760 1869 Domini
780 1815 1005 1870 fraudulenter.
1038 1794 1046 1820 ⁸

35 1908 40 1914 ”
161 1912 288 1986 Quare,
316 1910 429 1980 optime
454 1908 542 1973 Leo,
569 1908 617 1964 his
640 1924 690 1963 mc
718 1908 813 1964 literis
843 1924 919 1978 rogo
946 1921 1147 1999 expurgatum

92 2005 248 2072 admittas,
274 2003 390 2073 tibique
409 2004 608 2073 persuadeas,
634 2018 682 2057 me
705 2001 780 2057 nihil
805 2019 943 2075 unquam
958 2005 994 2059 de
1016 2021 1147 2075 persona

91 2112 143 2154 tua
167 2099 237 2154 mali
265 2096 432 2168 cogitasse:
457 2098 563 2152 deinde
586 2112 638 2151 me
656 2096 745 2152 talem
768 2111 855 2168 esse,
883 2099 934 2169 qui
954 2099 1008 2154 tibi
1034 2100 1159 2171 optima-

92 2193 182 2259 velim
201 2193 378 2261 conu'ngere
398 2191 427 2246 in
443 2201 607 2258 aternum,
632 2207 731 2262 neque
750 2191 824 2248 mihi
846 2209 915 2246 curn
937 2193 999 2248 ullo
1022 2193 1149 2249 homine

92 2289 129 2341 de
153 2287 310 2353 moribus,
328 2266 381 2341 s⁹ed
399 2286 435 2340 de
456 2285 523 2341 eolo
542 2282 637 2339 verbo
657 2285 794 2342 veritatis
813 2302 880 2343 esse
902 2289 1148 2356 contentionem:

92 2383 123 2436 in
150 2381 290 2437 omnibus
318 2380 381 2435 aliis
406 2380 511 2435 cedam
532 2379 644 2434 cuivis:
673 2381 801 2436 verbum
823 2382 965 2437 deserere
989 2396 1016 2434 et
1039 2396 1149 2447 negare
1197 2449 1199 2454 Ι

92 2490 150 2529 uec
176 2491 321 2546 possum,
351 2491 407 2528 neo
424 2474 509 2530 volo.
548 2473 613 2547 Qui
631 2474 709 2530 aliud
728 2476 765 2529 de
783 2491 833 2528 me
852 2476 961 2544 sentit,
987 2483 1039 2529 aut
1054 2455 1149 2528 'aliter

93 2582 160 2620 mea
177 2567 297 2633 hausit,
317 2583 378 2620 non
398 2577 484 2622 recte
502 2567 611 2645 sentit,
630 2582 688 2620 nec
704 2583 776 2621 vera
794 2567 904 2623 hausit.

162 2658 270 2713 Sedem
293 2669 393 2712 autem
411 2667 513 2724 tuam,
540 2673 605 2727 quae
629 2657 719 2711 Curia
739 2657 875 2712 Romana
896 2657 1026 2726 dicitur,
1059 2663 1150 2728 quam

94 2767 193 2822 neque
211 2759 262 2818 tu,
280 2764 379 2821 neque
395 2748 474 2805 ullus
488 2749 646 2804 hominum
662 2759 764 2819 potest
783 2765 904 2818 negare,
923 2750 1150 2820 corruptiorem

94 2862 161 2902 esse
188 2844 293 2915 quavis
318 2839 471 2913 Babylone
497 2851 528 2897 et
555 2840 705 2911 Sodoma,
730 2851 763 2896 et·
783 2853 928 2914 quantum
956 2859 1011 2910 ego
1044 2843 1150 2915 capio,

95 2954 222 3013 prorsus
244 2937 422 3008 deploratae,
449 2937 612 3006 desperatas
637 2945 727 3007 atque
752 2936 945 2991 conclamatae
970 2937 1151 3008 impietatis,

94 3051 166 3092 sane
190 3035 356 3089 detestatus
378 3047 465 3100 eum,
490 3030 670 3103 indigneque
695 3029 772 3099 tuli,
803 3029 859 3086 sub
890 3039 943 3084 tuo
969 3030 1091 3086 nomine
1117 3039 1150 3089 et

95 3139 245 3200 praetextu
259 3127 402 3182 Romanae
417 3125 580 3192 Ecclesiae,
599 3123 660 3179 ludi
677 3123 791 3179 Christi
811 3125 974 3196 populum:
997 3135 1087 3196 atque
1106 3128 1151 3184 ita

96 3224 208 3289 restiti,
237 3221 452 3292 resistamque,
477 3221 547 3274 dum
568 3219 691 3290 spiritus
710 3217 776 3273 lidei
799 3219 828 3274 in
848 3233 898 3272 me
918 3218 1039 3274 vixerit.
1075 3221 1152 3278 Non

99 3318 180 3387 quod
194 3317 230 3370 ad
248 3314 443 3388 impossibilia
464 3315 560 3381 nitar,
579 3323 608 3367 et
628 3328 747 3383 sperem
767 3328 834 3367 mea
855 3312 950 3369 solius
971 3331 1078 3387 opera,
1102 3329 1150 3373 tot

97 3410 331 3480 repugnantibus
361 3408 448 3464 furiis
478 3407 689 3475 adulatorum,
719 3405 881 3479 quidquam
911 3411 1087 3480 promoveri
1117 3410 1153 3469 iu

96 3503 154 3557 ista
173 3500 326 3569 Babylone
346 3501 579 3558 confusissime:
605 3502 658 3557 sed
677 3502 758 3572 quod
780 3501 951 3557 debitorem
973 3519 1023 3557 me
1042 3518 1151 3572 agnos.

99 3611 165 3650 carn
186 3595 312 3649 fratrum
331 3611 489 3665 meorum,
509 3596 618 3667 quibus
637 3597 754 3652 consuli
777 3613 794 3650 a
815 3613 864 3652 me
889 3605 1028 3669 oportet,
1050 3605 1084 3651 ut
1100 3591 1154 3650 rel
1192 3624 1196 3631 >

99 3685 276 3759 pauciores,
295 3690 342 3743 vel
361 3690 463 3746 mitius
481 3707 497 3744 a
515 3682 661 3746 Romanis
680 3690 815 3762 pestibus
831 3691 1005 3762 perdantur.
1039 3685 1155 3758 Neque

100 3786 178 3838 enim
202 3784 280 3838 aliud
300 3799 317 3837 e
341 3782 440 3839 lloma
457 3785 521 3854 jam
542 3785 679 3851 amultis
704 3780 788 3841 annis
814 3784 938 3844 inundat
963 3781 1066 3855 (quud
1088 3797 1151 3848 uou

153 3999 184 4046 d)
215 3997 395 4045 aurihvln
413 3998 610 4048 lemaures—
627 3999 753 4048 delicatam

160 4082 189 4128 e)
220 4074 327 4122 narii.
352 4076 482 4121 nrordcret.
