2574 4732
549 337 640 402 1520.
1065 340 1124 405 6³5

81 497 159 555 enim
179 495 308 554 dubitari
327 494 371 550 ias
388 501 452 563 est,
470 508 487 548 a
504 492 641 550 Domino
657 508 706 547 me
725 492 846 557 vorari,
864 492 889 549 si
908 492 1008 551 Caesar
1023 504 1124 552 vocat.

79 592 181 650 Porro
199 592 223 647 ei
242 591 271 646 vi
291 604 356 645 rem
374 588 541 658 gesserint,
560 588 639 644 siout
662 571 824 643 verisimile
842 595 889 642 est
907 587 1028 659 (neque
1046 592 1127 644 euim

80 696 114 743 ut
131 685 235 742 doceri
253 685 366 752 velint,
392 699 442 738 me
470 681 643 738 vocandum
666 681 794 747 ouraut)
815 679 951 736 Domino
969 699 1126 739 commen.

79 778 174 834 danda
191 786 238 833 est
253 792 351 832 eausa.
385 776 469 832 Idem
489 776 569 831 enim
585 773 706 829 visitet
725 782 847 842 regnat,
865 773 915 844 qui
934 783 997 830 tres
1011 792 1124 847 pueros

80 873 245 929 intornaee
269 871 348 940 regis
370 869 531 941 Babylonis
554 868 697 925 samarit.
734 865 827 940 Quod
847 866 872 922 si
890 881 1011 923 servare
1030 870 1125 940 nolit,

78 981 170 1034 parva
195 981 244 1020 res
262 973 309 1020 est
328 972 418 1036 caput
434 978 556 1032 meum,
573 962 599 1018 si
617 961 653 1016 ad
671 960 826 1017 Christum
842 969 1050 1032 comparetur,
1073 963 1125 1031 qui

80 1074 197 1116 summa
211 1059 373 1127 ignominia
391 1067 422 1114 et
441 1058 575 1114 omnium
589 1054 734 1112 seandalo
751 1054 975 1126 multorumque
992 1054 1125 1126 pernicie

79 1152 199 1208 oooisus
220 1161 276 1208 eet.
311 1151 392 1208 Nam
407 1152 459 1209 hio
472 1151 582 1208 nullius
594 1148 789 1215 discriminis,
807 1147 917 1203 nullius
930 1147 1034 1204 salutis
1047 1149 1125 1204 ratio

77 1244 215 1301 habenda
232 1255 294 1302 est:
315 1246 481 1301 curandum
495 1245 596 1318 potius
612 1253 736 1308 contra,
753 1259 792 1297 ne
805 1241 1022 1310 Evangelium,
1042 1243 1124 1313 quod

78 1339 172 1395 semei
194 1339 360 1409 coepimus,
376 1340 407 1394 in
424 1338 555 1394 ludibrio
572 1338 733 1409 impiorum
752 1335 971 1408 relinquamus,
990 1352 1128 1393 oausam.

78 1448 138 1504 que
150 1433 453 1490 vdemuu‘adversuriis
467 1431 612 1501 gloriandi
627 1431 786 1486 nivernum
798 1446 871 1498 nos,
891 1430 972 1500 quod
986 1428 1124 1487 confiteri

78 1542 140 1581 uon
160 1526 338 1593 audeamus,
354 1543 420 1599 quas
440 1526 618 1592 docuimus,
637 1531 667 1580 et
680 1524 853 1593 sanguinem
870 1539 927 1593 pro
944 1539 981 1577 eo
997 1523 1124 1578 tundere

77 1630 268 1687 metuamus,
295 1636 386 1691 quarn
408 1629 543 1675 nostram
566 1617 711 1688 ignaviam
723 1656 734 1686 ,
757 1625 788 1672 et
808 1615 929 1672 illorum
950 1616 1122 1686 jactantiam

79 1711 218 1769 Christus
236 1713 410 1769 misericors
429 1720 560 1781 avertat,
583 1712 689 1770 Amen.

137 1807 276 1863 Proinde
293 1808 350 1863 etsi
369 1807 409 1863 ita
426 1807 489 1862 fieri
508 1812 666 1878 oporteat,
685 1811 720 1859 ut
736 1818 822 1872 reges
842 1811 931 1859 terra
956 1811 986 1858 et
1011 1803 1123 1874 prinoi-

75 1915 129 1973 pes
147 1902 326 1956 conveniunt
345 1900 375 1955 in
392 1916 499 1967 unum,
517 1908 548 1953 et
563 1914 633 1959 oum
646 1896 785 1967 gentibue
803 1904 834 1952 et
852 1896 971 1968 populis
991 1897 1122 1953 fremant

10 2019 11 2026 ι
75 1993 218 2050 adversus
231 1993 399 2048 Dominum
414 2003 444 2049 et
463 1993 606 2049 adversus
624 1989 780 2047 Christum
797 1990 877 2061 eJus:
896 1998 995 2046 tamen
1009 1991 1120 2070 eodem

74 2085 196 2143 Psalmo
210 2137 211 2140 ,
224 2087 314 2142 docet
337 2087 484 2158 Spiritus,
513 2085 618 2141 beatos
643 2083 709 2139 iore
721 2124 732 2152 ,
763 2084 814 2154 qui
842 2083 1001 2140 confidunt
1019 2084 1049 2138 iu
1070 2100 1120 2140 eo.

75 2177 145 2236 Neo
162 2180 261 2235 solum
279 2180 362 2248 hoo,
382 2194 489 2237 rerum
504 2187 535 2235 et
553 2177 690 2235 irridebit
708 2177 861 2234 Dominus
879 2186 910 2233 et
928 2176 1122 2234 subsannabit

74 2272 154 2329 illos.
187 2270 340 2330 Nostrum
367 2283 450 2329 eerte
474 2272 597 2330 definire
624 2289 687 2328 nou
713 2281 783 2339 est,
814 2287 854 2326 ex
884 2271 985 2328 vitane
1012 2289 1048 2327 ιιι
1079 2285 1120 2340 ιι,

74 2373 176 2422 morte
191 2380 260 2423 mee
275 2366 342 2439 pius
357 2368 495 2425 minusve
518 2366 645 2440 periculi
668 2364 709 2422 sit
732 2374 873 2421 orturum
896 2363 1060 2435 Evangelio
1089 2372 1121 2419 et

74 2459 201 2530 publiea
225 2461 325 2517 saluti.
359 2461 443 2531 Seis,
468 2462 549 2533 quod
576 2460 688 2518 veritas
712 2458 772 2515 Dei
796 2469 882 2532 petra
905 2459 1034 2518 scandali
1059 2465 1119 2522 est,

74 2551 171 2621 posita
190 2552 220 2606 iu
237 2553 354 2608 ruinam
372 2564 402 2609 et
419 2555 675 2610 resurrectionem
692 2553 858 2608 multorum
876 2551 907 2606 in
924 2551 1027 2608 Israel.

141 2641 263 2699 Nostris
283 2654 386 2699 autem
406 2662 486 2700 nuno
508 2661 588 2703 aurae
614 2645 645 2701 id
672 2645 794 2699 unicum
820 2652 866 2698 est
894 2644 1025 2699 officium
1049 2643 1120 2702 reli.

75 2751 187 2807 quum,
212 2745 246 2790 ut
268 2750 391 2791 oremus
412 2737 601 2804 Dominum,
624 2753 662 2793 ne
688 2736 787 2792 Caroli
814 2736 972 2807 imperium
994 2738 1025 2794 in
1047 2752 1117 2797 meo

75 2836 127 2884 aut
142 2825 276 2896 uilius*)
302 2829 463 2898 sanguine,
486 2846 542 2900 pro
562 2829 713 2901 impietate
732 2829 860 2897 tuenda,
883 2829 994 2902 primas
1009 2847 1118 2903 operae

74 2930 230 2977 cruentet:
252 2920 431 2993 mallemque
449 2938 498 2976 me
512 2923 615 2995 (quod
634 2923 744 2994 sapius
762 2922 846 2989 dixi)
865 2917 895 2979 in
917 2924 989 2980 solis
1005 2924 1120 2993 Roma.

75 3016 221 3071 nistarurn
242 3014 379 3070 manibus
396 3016 518 3089 perire,
545 3033 583 3072 ne
606 3019 656 3075 ille
677 3033 747 3074 curn
770 3018 833 3074 suis
854 3017 884 3072 in
901 3017 981 3073 bauo
996 3008 1118 3077 oausam

76 3110 293 3167 involveretur.
335 3109 415 3179 Scis,
441 3127 507 3181 qua
527 3111 647 3169 miseria
662 3110 881 3182 sigismundum
901 3110 1119 3184 Imperatorem

75 3211 144 3274 poet
162 3205 297 3261 occisum
314 3202 395 3259 Huss
413 3213 577 3262 consecute
597 3206 654 3268 sit,
671 3214 706 3260 ut
724 3203 798 3260 nihii
816 3203 922 3260 deinde
939 3221 1119 3278 prosperum

74 3296 231 3359 hebuerit,
257 3297 321 3353 sine
342 3296 428 3369 prole
451 3297 578 3370 obierit,
596 3308 628 3355 et
648 3297 724 3355 fliius
746 3297 836 3353 etiam
856 3297 921 3354 filiae
939 3309 1044 3371 postea
1059 3300 1125 3369 Lm,

77 3390 186 3446 dislaus
211 3391 361 3461 perierit,
385 3399 417 3447 et
443 3393 473 3448 in
497 3394 688 3463 generatione
711 3408 769 3448 una
791 3392 922 3449 deletum
943 3394 983 3452 sit
1007 3411 1119 3455 nomen

76 3483 158 3554 eius,
176 3497 257 3540 uxor
272 3501 348 3541 vero
363 3485 495 3542 Barbara
513 3487 634 3543 infamia
648 3486 819 3557 reginamm
835 3487 984 3556 evaserit,
1003 3497 1034 3542 et
1051 3488 1118 3558 alia,

76 3595 143 3651 quaa
166 3585 197 3634 te
220 3593 311 3634 nosse
334 3581 440 3638 oredo.
474 3581 503 3638 Si
527 3591 628 3638 tamen
651 3582 692 3638 ita
710 3579 774 3635 fieri
799 3590 939 3653 oportet,
960 3589 1043 3636 utet
1061 3597 1118 3650 ego

76 3686 139 3730 non
154 3671 247 3729 modo
264 3671 456 3743 pontificibus
466 3713 478 3746 ,
494 3677 547 3733 sed
565 3685 596 3733 et
613 3673 752 3746 gentibus
768 3675 885 3732 tradar:
910 3673 961 3729 iat
979 3675 1124 3730 voluutas

69 3767 222 3835 -noutut,
239 3767 348 3824 Amen.
987 3783 989 3785 ·

134 4059 164 4106 ⁹)
192 4053 295 4102 seete.
312 4053 388 4101 iiiior.
