<?xml version="1.0" encoding="UTF-8"?>
<!DOCTYPE html PUBLIC "-//W3C//DTD XHTML 1.0 Transitional//EN"
    "http://www.w3.org/TR/xhtml1/DTD/xhtml1-transitional.dtd">
<html xmlns="http://www.w3.org/1999/xhtml" xml:lang="en" lang="en">
 <head>
  <title>
</title>
<meta http-equiv="Content-Type" content="text/html;charset=utf-8" />
  <meta name='ocr-system' content='tesseract 3.04.00' />
  <meta name='ocr-capabilities' content='ocr_page ocr_carea ocr_par ocr_line ocrx_word'/>
</head>
<body>
  <div class='ocr_page' id='page_1' title='image "./briefesendschre04luthgoog/briefesendschre04luthgoog_0210.png"; bbox 0 0 2574 4732; ppageno 0'>
   <div class='ocr_carea' id='block_1_1' title="bbox 578 310 1221 429">
    <p class='ocr_par' dir='ltr' id='par_1_1' title="bbox 578 310 1221 429">
     <span class='ocr_line' id='line_1_1' title="bbox 578 310 1221 429; baseline 0.006 -29"><span class='ocrx_word' id='word_1_1' title='bbox 578 310 590 319; x_wconf 82' lang='grc'><strong>’</strong></span> <span class='ocrx_word' id='word_1_2' title='bbox 631 334 723 402; x_wconf 70' lang='lat' dir='ltr'><strong>ests.</strong></span> <span class='ocrx_word' id='word_1_3' title='bbox 1101 328 1105 335; x_wconf 84' lang='grc'><strong>’</strong></span> <span class='ocrx_word' id='word_1_4' title='bbox 1131 337 1196 429; x_wconf 13' lang='lat'>‘17³⁸</span> <span class='ocrx_word' id='word_1_5' title='bbox 1218 312 1221 319; x_wconf 82' lang='grc'><strong>’</strong></span> 
     </span>
    </p>
   </div>
   <div class='ocr_carea' id='block_1_2' title="bbox 147 446 1192 644">
    <p class='ocr_par' dir='ltr' id='par_1_2' title="bbox 147 446 1192 644">
     <span class='ocr_line' id='line_1_2' title="bbox 147 446 1192 573; baseline 0.005 -23"><span class='ocrx_word' id='word_1_6' title='bbox 147 492 211 551; x_wconf 71' lang='lat' dir='ltr'><strong>Suo</strong></span> <span class='ocrx_word' id='word_1_7' title='bbox 244 491 380 568; x_wconf 77' lang='lat' dir='ltr'><strong>Georpio</strong></span> <span class='ocrx_word' id='word_1_8' title='bbox 409 490 592 563; x_wconf 65' lang='lat' dir='ltr'><strong>Spalatum</strong></span> <span class='ocrx_word' id='word_1_9' title='bbox 629 491 790 552; x_wconf 77' lang='lat' dir='ltr'><strong>Sacerdoti</strong></span> <span class='ocrx_word' id='word_1_10' title='bbox 823 492 936 552; x_wconf 65' lang='lat' dir='ltr'><strong>Cleri-tte·</strong></span> <span class='ocrx_word' id='word_1_11' title='bbox 948 536 960 567; x_wconf 83' lang='lat'><strong>,</strong></span> <span class='ocrx_word' id='word_1_12' title='bbox 995 446 1192 573; x_wconf 63' lang='lat' dir='ltr'><strong>moymirus</strong></span> 
     </span>
     <span class='ocr_line' id='line_1_3' title="bbox 614 588 723 644; baseline 0 0"><span class='ocrx_word' id='word_1_13' title='bbox 614 588 723 644; x_wconf 73' lang='lat' dir='ltr'><strong>orntum</strong></span> 
     </span>
    </p>
   </div>
   <div class='ocr_carea' id='block_1_3' title="bbox 579 735 753 796">
    <p class='ocr_par' dir='ltr' id='par_1_3' title="bbox 579 735 753 796">
     <span class='ocr_line' id='line_1_4' title="bbox 579 735 753 796; baseline 0.034 -6"><span class='ocrx_word' id='word_1_14' title='bbox 579 735 753 796; x_wconf 77' lang='lat' dir='ltr'><strong>Jesus·</strong></span> 
     </span>
    </p>
   </div>
   <div class='ocr_carea' id='block_1_4' title="bbox 122 863 1254 3118">
    <p class='ocr_par' dir='ltr' id='par_1_4' title="bbox 138 863 1254 1538">
     <span class='ocr_line' id='line_1_5' title="bbox 141 863 1254 975; baseline 0.007 -23"><span class='ocrx_word' id='word_1_15' title='bbox 141 863 295 957; x_wconf 78' lang='lat' dir='ltr'><strong>Salutem.</strong></span> <span class='ocrx_word' id='word_1_16' title='bbox 343 897 450 955; x_wconf 81' lang='lat' dir='ltr'><strong>Scribo</strong></span> <span class='ocrx_word' id='word_1_17' title='bbox 475 897 524 954; x_wconf 90' lang='lat' dir='ltr'><strong>his</strong></span> <span class='ocrx_word' id='word_1_18' title='bbox 546 898 643 954; x_wconf 85' lang='lat' dir='ltr'><strong>literis</strong></span> <span class='ocrx_word' id='word_1_19' title='bbox 669 897 872 954; x_wconf 82' lang='lat' dir='ltr'><strong>illustrissimo</strong></span> <span class='ocrx_word' id='word_1_20' title='bbox 898 897 1031 972; x_wconf 81' lang='lat' dir='ltr'><strong>Principi</strong></span> <span class='ocrx_word' id='word_1_21' title='bbox 1058 908 1188 975; x_wconf 84' lang='lat' dir='ltr'><strong>nostro,</strong></span> <span class='ocrx_word' id='word_1_22' title='bbox 1209 889 1211 893; x_wconf 7' lang='grc' dir='ltr'><strong>ἲ</strong></span> <span class='ocrx_word' id='word_1_23' title='bbox 1249 940 1254 947; x_wconf 89' lang='lat'>-</span> 
     </span>
     <span class='ocr_line' id='line_1_6' title="bbox 140 993 1188 1066; baseline 0.004 -16"><span class='ocrx_word' id='word_1_24' title='bbox 140 996 182 1051; x_wconf 89' lang='lat' dir='ltr'><strong>mi</strong></span> <span class='ocrx_word' id='word_1_25' title='bbox 201 994 366 1066; x_wconf 78' lang='lat' dir='ltr'><strong>Spsintine,</strong></span> <span class='ocrx_word' id='word_1_26' title='bbox 392 1001 599 1062; x_wconf 74' lang='lat' dir='ltr'><strong>argumentum</strong></span> <span class='ocrx_word' id='word_1_27' title='bbox 624 1000 654 1046; x_wconf 94' lang='lat' dir='ltr'><strong>et</strong></span> <span class='ocrx_word' id='word_1_28' title='bbox 672 1000 757 1047; x_wconf 83' lang='lat' dir='ltr'><strong>notus</strong></span> <span class='ocrx_word' id='word_1_29' title='bbox 782 993 934 1061; x_wconf 73' lang='lat' dir='ltr'><strong>tragoedia</strong></span> <span class='ocrx_word' id='word_1_30' title='bbox 955 994 1188 1055; x_wconf 69' lang='lat' dir='ltr'><strong>mentatione</strong></span> 
     </span>
     <span class='ocr_line' id='line_1_7' title="bbox 140 1069 1234 1162; baseline 0.005 -19"><span class='ocrx_word' id='word_1_31' title='bbox 140 1088 294 1162; x_wconf 74' lang='lat' dir='ltr'>apertius,</span> <span class='ocrx_word' id='word_1_32' title='bbox 317 1101 405 1158; x_wconf 80' lang='lat' dir='ltr'><strong>quem</strong></span> <span class='ocrx_word' id='word_1_33' title='bbox 428 1102 524 1158; x_wconf 81' lang='lat' dir='ltr'><strong>nuper</strong></span> <span class='ocrx_word' id='word_1_34' title='bbox 548 1086 601 1142; x_wconf 89' lang='lat' dir='ltr'><strong>tibi</strong></span> <span class='ocrx_word' id='word_1_35' title='bbox 626 1087 803 1157; x_wconf 74' lang='lat' dir='ltr'><strong>scripseram</strong></span> <span class='ocrx_word' id='word_1_36' title='bbox 818 1084 867 1153; x_wconf 71' lang='lat'><strong>⁴).</strong></span> <span class='ocrx_word' id='word_1_37' title='bbox 913 1070 993 1144; x_wconf 81' lang='lat' dir='ltr'><strong>Nom</strong></span> <span class='ocrx_word' id='word_1_38' title='bbox 1016 1086 1188 1147; x_wconf 70' lang='lat' dir='ltr'><strong>tabellarius</strong></span> <span class='ocrx_word' id='word_1_39' title='bbox 1210 1069 1234 1095; x_wconf 67' lang='grc'><em>”</em></span> 
     </span>
     <span class='ocr_line' id='line_1_8' title="bbox 138 1179 1187 1252; baseline 0.003 -16"><span class='ocrx_word' id='word_1_40' title='bbox 138 1181 266 1252; x_wconf 80' lang='lat' dir='ltr'><strong>urgebat</strong></span> <span class='ocrx_word' id='word_1_41' title='bbox 285 1188 314 1235; x_wconf 89' lang='lat' dir='ltr'><strong>et</strong></span> <span class='ocrx_word' id='word_1_42' title='bbox 335 1197 390 1249; x_wconf 80' lang='lat' dir='ltr'><strong>ego</strong></span> <span class='ocrx_word' id='word_1_43' title='bbox 412 1180 465 1235; x_wconf 87' lang='lat' dir='ltr'><strong>vix</strong></span> <span class='ocrx_word' id='word_1_44' title='bbox 483 1179 608 1237; x_wconf 86' lang='lat' dir='ltr'><strong>domurn</strong></span> <span class='ocrx_word' id='word_1_45' title='bbox 635 1181 785 1251; x_wconf 74' lang='lat' dir='ltr'><strong>ingressus</strong></span> <span class='ocrx_word' id='word_1_46' title='bbox 811 1181 948 1238; x_wconf 74' lang='lat' dir='ltr'><strong>suornm:</strong></span> <span class='ocrx_word' id='word_1_47' title='bbox 982 1182 1065 1239; x_wconf 88' lang='lat' dir='ltr'><strong>noini</strong></span> <span class='ocrx_word' id='word_1_48' title='bbox 1085 1192 1187 1240; x_wconf 75' lang='lat' dir='ltr'><strong>tamen</strong></span> 
     </span>
     <span class='ocr_line' id='line_1_9' title="bbox 139 1260 1186 1353; baseline 0.003 -24"><span class='ocrx_word' id='word_1_49' title='bbox 139 1290 210 1329; x_wconf 87' lang='lat' dir='ltr'><strong>eum</strong></span> <span class='ocrx_word' id='word_1_50' title='bbox 232 1273 315 1330; x_wconf 76' lang='lat' dir='ltr'><strong>abire</strong></span> <span class='ocrx_word' id='word_1_51' title='bbox 348 1288 476 1329; x_wconf 83' lang='lat' dir='ltr'><strong>vncunm</strong></span> <span class='ocrx_word' id='word_1_52' title='bbox 500 1272 594 1328; x_wconf 84' lang='lat' dir='ltr'><strong>literis</strong></span> <span class='ocrx_word' id='word_1_53' title='bbox 621 1275 679 1350; x_wconf 9' lang='lat' dir='ltr'><strong>vel?</strong></span> <span class='ocrx_word' id='word_1_54' title='bbox 694 1274 863 1346; x_wconf 79' lang='lat' dir='ltr'><strong>raptissime</strong></span> <span class='ocrx_word' id='word_1_55' title='bbox 885 1268 925 1352; x_wconf 60' lang='lat' dir='ltr'><strong>&#39;et</strong></span> <span class='ocrx_word' id='word_1_56' title='bbox 954 1260 1186 1353; x_wconf 82' lang='lat' dir='ltr'><strong>corruptissime</strong></span> 
     </span>
     <span class='ocr_line' id='line_1_10' title="bbox 138 1365 1184 1442; baseline 0.003 -19"><span class='ocrx_word' id='word_1_57' title='bbox 138 1368 270 1440; x_wconf 78' lang='lat' dir='ltr'><strong>seriptis.</strong></span> <span class='ocrx_word' id='word_1_58' title='bbox 305 1366 365 1422; x_wconf 90' lang='lat' dir='ltr'><strong>Tui</strong></span> <span class='ocrx_word' id='word_1_59' title='bbox 381 1376 445 1421; x_wconf 84' lang='lat' dir='ltr'><strong>esto</strong></span> <span class='ocrx_word' id='word_1_60' title='bbox 465 1382 545 1422; x_wconf 84' lang='lat' dir='ltr'><strong>nuno</strong></span> <span class='ocrx_word' id='word_1_61' title='bbox 567 1365 655 1421; x_wconf 81' lang='lat' dir='ltr'><strong>officii</strong></span> <span class='ocrx_word' id='word_1_62' title='bbox 675 1383 801 1437; x_wconf 79' lang='lat' dir='ltr'><strong>curare,</strong></span> <span class='ocrx_word' id='word_1_63' title='bbox 817 1376 852 1424; x_wconf 89' lang='lat' dir='ltr'><strong>ut</strong></span> <span class='ocrx_word' id='word_1_64' title='bbox 870 1367 1017 1442; x_wconf 82' lang='lat' dir='ltr'><strong>Prinosps</strong></span> <span class='ocrx_word' id='word_1_65' title='bbox 1042 1369 1184 1428; x_wconf 84' lang='lat' dir='ltr'><strong>illustris.</strong></span> 
     </span>
     <span class='ocr_line' id='line_1_11' title="bbox 138 1459 849 1538; baseline 0 -21"><span class='ocrx_word' id='word_1_66' title='bbox 138 1461 234 1517; x_wconf 86' lang='lat' dir='ltr'><strong>simos</strong></span> <span class='ocrx_word' id='word_1_67' title='bbox 253 1461 308 1516; x_wconf 75' lang='lat' dir='ltr'><strong>hes</strong></span> <span class='ocrx_word' id='word_1_68' title='bbox 327 1459 428 1516; x_wconf 76' lang='lat' dir='ltr'><strong>literas</strong></span> <span class='ocrx_word' id='word_1_69' title='bbox 452 1460 499 1515; x_wconf 84' lang='lat' dir='ltr'><strong>vel</strong></span> <span class='ocrx_word' id='word_1_70' title='bbox 514 1460 598 1529; x_wconf 78' lang='lat' dir='ltr'><strong>degat</strong></span> <span class='ocrx_word' id='word_1_71' title='bbox 617 1460 666 1514; x_wconf 82' lang='lat' dir='ltr'><strong>vei</strong></span> <span class='ocrx_word' id='word_1_72' title='bbox 689 1460 794 1517; x_wconf 70' lang='lat' dir='ltr'><strong>audiat„</strong></span> <span class='ocrx_word' id='word_1_73' title='bbox 847 1534 849 1538; x_wconf 16' lang='grc' dir='ltr'><strong><em>Δ</em></strong></span> 
     </span>
    </p>

    <p class='ocr_par' dir='ltr' id='par_1_5' title="bbox 122 1538 1233 3118">
     <span class='ocr_line' id='line_1_12' title="bbox 202 1538 1183 1628; baseline 0.002 -18"><span class='ocrx_word' id='word_1_74' title='bbox 202 1552 482 1610; x_wconf 83' lang='lat' dir='ltr'><strong>Reverendissirnus</strong></span> <span class='ocrx_word' id='word_1_75' title='bbox 502 1554 653 1612; x_wconf 78' lang='lat' dir='ltr'><strong>Dominus</strong></span> <span class='ocrx_word' id='word_1_76' title='bbox 673 1552 803 1623; x_wconf 71' lang='lat' dir='ltr'><strong>Legatos</strong></span> <span class='ocrx_word' id='word_1_77' title='bbox 828 1569 918 1625; x_wconf 74' lang='lat' dir='ltr'><strong>quam</strong></span> <span class='ocrx_word' id='word_1_78' title='bbox 939 1555 979 1612; x_wconf 90' lang='lat' dir='ltr'><strong>sit</strong></span> <span class='ocrx_word' id='word_1_79' title='bbox 1002 1555 1032 1611; x_wconf 91' lang='lat' dir='ltr'><strong>in</strong></span> <span class='ocrx_word' id='word_1_80' title='bbox 1048 1538 1183 1628; x_wconf 79' lang='lat' dir='ltr'><strong>Scripto-</strong></span> 
     </span>
     <span class='ocr_line' id='line_1_13' title="bbox 135 1645 1233 1722; baseline 0.002 -18"><span class='ocrx_word' id='word_1_81' title='bbox 135 1647 180 1705; x_wconf 85' lang='lat' dir='ltr'><strong>ris</strong></span> <span class='ocrx_word' id='word_1_82' title='bbox 206 1648 316 1704; x_wconf 74' lang='lat' dir='ltr'><strong>sanctis</strong></span> <span class='ocrx_word' id='word_1_83' title='bbox 344 1646 523 1710; x_wconf 85' lang='lat' dir='ltr'><strong>institutus,</strong></span> <span class='ocrx_word' id='word_1_84' title='bbox 554 1645 701 1715; x_wconf 81' lang='lat' dir='ltr'><strong>intelliges</strong></span> <span class='ocrx_word' id='word_1_85' title='bbox 726 1662 766 1702; x_wconf 87' lang='lat' dir='ltr'><strong>ex</strong></span> <span class='ocrx_word' id='word_1_86' title='bbox 800 1646 972 1716; x_wconf 86' lang='lat' dir='ltr'><strong>objectione</strong></span> <span class='ocrx_word' id='word_1_87' title='bbox 1000 1647 1112 1719; x_wconf 71' lang='lat' dir='ltr'><strong>nitere,</strong></span> <span class='ocrx_word' id='word_1_88' title='bbox 1146 1650 1184 1706; x_wconf 81' lang='lat' dir='ltr'><strong>sd</strong></span> <span class='ocrx_word' id='word_1_89' title='bbox 1228 1714 1233 1722; x_wconf 33' lang='lat'><strong><em>¹</em></strong></span> 
     </span>
     <span class='ocr_line' id='line_1_14' title="bbox 136 1729 1202 1816; baseline 0.002 -18"><span class='ocrx_word' id='word_1_90' title='bbox 136 1759 225 1816; x_wconf 82' lang='lat' dir='ltr'><strong>quom</strong></span> <span class='ocrx_word' id='word_1_91' title='bbox 252 1758 309 1811; x_wconf 73' lang='lat' dir='ltr'><strong>ego</strong></span> <span class='ocrx_word' id='word_1_92' title='bbox 338 1740 505 1812; x_wconf 77' lang='lat' dir='ltr'><strong>respondi:</strong></span> <span class='ocrx_word' id='word_1_93' title='bbox 531 1753 676 1811; x_wconf 73' lang='lat' dir='ltr'><strong>praetereo</strong></span> <span class='ocrx_word' id='word_1_94' title='bbox 705 1752 745 1794; x_wconf 83' lang='lat' dir='ltr'><strong>ex</strong></span> <span class='ocrx_word' id='word_1_95' title='bbox 774 1754 829 1795; x_wconf 85' lang='lat' dir='ltr'><strong>ure</strong></span> <span class='ocrx_word' id='word_1_96' title='bbox 858 1740 922 1810; x_wconf 85' lang='lat' dir='ltr'><strong>ejus</strong></span> <span class='ocrx_word' id='word_1_97' title='bbox 952 1741 1062 1798; x_wconf 77' lang='lat' dir='ltr'><strong>muitts</strong></span> <span class='ocrx_word' id='word_1_98' title='bbox 1082 1729 1202 1800; x_wconf 30' lang='lat' dir='ltr'><strong>audiri*</strong></span> 
     </span>
     <span class='ocr_line' id='line_1_15' title="bbox 133 1832 1179 1907; baseline 0.001 -15"><span class='ocrx_word' id='word_1_99' title='bbox 133 1835 357 1907; x_wconf 69' lang='lat' dir='ltr'><strong>propositiones</strong></span> <span class='ocrx_word' id='word_1_100' title='bbox 383 1832 663 1902; x_wconf 77' lang='lat' dir='ltr'><strong>stheologissimns‚</strong></span> <span class='ocrx_word' id='word_1_101' title='bbox 691 1841 723 1888; x_wconf 89' lang='lat' dir='ltr'><strong>et</strong></span> <span class='ocrx_word' id='word_1_102' title='bbox 750 1847 850 1904; x_wconf 78' lang='lat' dir='ltr'><strong>quas,</strong></span> <span class='ocrx_word' id='word_1_103' title='bbox 877 1835 901 1889; x_wconf 91' lang='lat' dir='ltr'><strong>si</strong></span> <span class='ocrx_word' id='word_1_104' title='bbox 932 1834 1008 1890; x_wconf 79' lang='lat' dir='ltr'><strong>alius</strong></span> <span class='ocrx_word' id='word_1_105' title='bbox 1036 1836 1179 1907; x_wconf 82' lang='lat' dir='ltr'><strong>dixisset,</strong></span> 
     </span>
     <span class='ocr_line' id='line_1_16' title="bbox 129 1923 1181 2001; baseline 0.003 -17"><span class='ocrx_word' id='word_1_106' title='bbox 129 1928 374 1985; x_wconf 68' lang='lat' dir='ltr'><strong>haretieissimns</strong></span> <span class='ocrx_word' id='word_1_107' title='bbox 383 1926 636 2001; x_wconf 73' lang='lat' dir='ltr'><strong>pronuntiassem.</strong></span> <span class='ocrx_word' id='word_1_108' title='bbox 663 1923 759 1983; x_wconf 83' lang='lat' dir='ltr'><strong>Viden</strong></span> <span class='ocrx_word' id='word_1_109' title='bbox 778 1926 1024 1997; x_wconf 71' lang='lat' dir='ltr'><strong>predicatoribus</strong></span> <span class='ocrx_word' id='word_1_110' title='bbox 1040 1929 1181 1987; x_wconf 87' lang='lat' dir='ltr'><strong>omnibus</strong></span> 
     </span>
     <span class='ocr_line' id='line_1_17' title="bbox 130 2019 1181 2090; baseline -0.001 -12"><span class='ocrx_word' id='word_1_111' title='bbox 130 2021 263 2078; x_wconf 88' lang='lat' dir='ltr'><strong>eundem</strong></span> <span class='ocrx_word' id='word_1_112' title='bbox 280 2035 347 2075; x_wconf 86' lang='lat' dir='ltr'><strong>esse</strong></span> <span class='ocrx_word' id='word_1_113' title='bbox 362 2034 500 2088; x_wconf 86' lang='lat' dir='ltr'><strong>sensum,</strong></span> <span class='ocrx_word' id='word_1_114' title='bbox 518 2019 547 2074; x_wconf 93' lang='lat' dir='ltr'><strong>id</strong></span> <span class='ocrx_word' id='word_1_115' title='bbox 567 2029 630 2087; x_wconf 86' lang='lat' dir='ltr'><strong>est,</strong></span> <span class='ocrx_word' id='word_1_116' title='bbox 648 2019 763 2074; x_wconf 83' lang='lat' dir='ltr'><strong>nullum</strong></span> <span class='ocrx_word' id='word_1_117' title='bbox 790 2035 856 2076; x_wconf 86' lang='lat' dir='ltr'><strong>esse</strong></span> <span class='ocrx_word' id='word_1_118' title='bbox 878 2020 1012 2090; x_wconf 79' lang='lat' dir='ltr'><strong>legitime</strong></span> <span class='ocrx_word' id='word_1_119' title='bbox 1034 2020 1181 2079; x_wconf 80' lang='lat' dir='ltr'><strong>Christis.</strong></span> 
     </span>
     <span class='ocr_line' id='line_1_18' title="bbox 129 2111 1179 2186; baseline 0.004 -17"><span class='ocrx_word' id='word_1_120' title='bbox 129 2130 223 2170; x_wconf 84' lang='lat' dir='ltr'><strong>nuru:</strong></span> <span class='ocrx_word' id='word_1_121' title='bbox 250 2112 490 2186; x_wconf 82' lang='lat' dir='ltr'><strong>quondoquidem</strong></span> <span class='ocrx_word' id='word_1_122' title='bbox 512 2112 570 2169; x_wconf 88' lang='lat' dir='ltr'><strong>iste</strong></span> <span class='ocrx_word' id='word_1_123' title='bbox 592 2111 755 2170; x_wconf 80' lang='lat' dir='ltr'><strong>Cordinolis</strong></span> <span class='ocrx_word' id='word_1_124' title='bbox 778 2113 815 2168; x_wconf 83' lang='lat' dir='ltr'><strong>sb</strong></span> <span class='ocrx_word' id='word_1_125' title='bbox 836 2113 908 2183; x_wconf 86' lang='lat' dir='ltr'><strong>ipsis</strong></span> <span class='ocrx_word' id='word_1_126' title='bbox 931 2114 1179 2186; x_wconf 66' lang='lat' dir='ltr'><strong>praedicatoribus</strong></span> 
     </span>
     <span class='ocr_line' id='line_1_19' title="bbox 125 2205 1176 2278; baseline 0.002 -14"><span class='ocrx_word' id='word_1_127' title='bbox 125 2209 259 2278; x_wconf 80' lang='lat' dir='ltr'><strong>jtetntur</strong></span> <span class='ocrx_word' id='word_1_128' title='bbox 278 2206 415 2277; x_wconf 83' lang='lat' dir='ltr'><strong>princeps</strong></span> <span class='ocrx_word' id='word_1_129' title='bbox 432 2205 669 2278; x_wconf 81' lang='lat' dir='ltr'><strong>principissimus</strong></span> <span class='ocrx_word' id='word_1_130' title='bbox 686 2222 746 2261; x_wconf 81' lang='lat' dir='ltr'><strong>suae</strong></span> <span class='ocrx_word' id='word_1_131' title='bbox 761 2207 923 2275; x_wconf 74' lang='lat' dir='ltr'><strong>doctrinm,</strong></span> <span class='ocrx_word' id='word_1_132' title='bbox 942 2207 1085 2264; x_wconf 81' lang='lat' dir='ltr'><strong>silvester</strong></span> <span class='ocrx_word' id='word_1_133' title='bbox 1100 2227 1176 2267; x_wconf 84' lang='lat' dir='ltr'><strong>vern</strong></span> 
     </span>
     <span class='ocr_line' id='line_1_20' title="bbox 130 2294 1176 2375; baseline 0.003 -18"><span class='ocrx_word' id='word_1_134' title='bbox 130 2303 279 2358; x_wconf 79' lang='lat' dir='ltr'><strong>secundos</strong></span> <span class='ocrx_word' id='word_1_135' title='bbox 302 2298 339 2355; x_wconf 78' lang='lat' dir='ltr'><strong>nb</strong></span> <span class='ocrx_word' id='word_1_136' title='bbox 363 2298 434 2354; x_wconf 88' lang='lat' dir='ltr'><strong>hoc.</strong></span> <span class='ocrx_word' id='word_1_137' title='bbox 480 2298 531 2355; x_wconf 87' lang='lat' dir='ltr'><strong>Tu</strong></span> <span class='ocrx_word' id='word_1_138' title='bbox 552 2294 762 2369; x_wconf 81' lang='lat' dir='ltr'><strong>cogitn.(nam</strong></span> <span class='ocrx_word' id='word_1_139' title='bbox 783 2299 961 2355; x_wconf 76' lang='lat' dir='ltr'><strong>silvestrum</strong></span> <span class='ocrx_word' id='word_1_140' title='bbox 978 2303 1084 2370; x_wconf 87' lang='lat' dir='ltr'><strong>nosti)</strong></span> <span class='ocrx_word' id='word_1_141' title='bbox 1103 2304 1176 2375; x_wconf 88' lang='lat' dir='ltr'><strong>quid</strong></span> 
     </span>
     <span class='ocr_line' id='line_1_21' title="bbox 130 2393 1175 2467; baseline 0.001 -16"><span class='ocrx_word' id='word_1_142' title='bbox 130 2394 187 2451; x_wconf 89' lang='lat' dir='ltr'><strong>sint</strong></span> <span class='ocrx_word' id='word_1_143' title='bbox 208 2394 333 2462; x_wconf 85' lang='lat' dir='ltr'><strong>decimi,</strong></span> <span class='ocrx_word' id='word_1_144' title='bbox 353 2403 402 2448; x_wconf 80' lang='lat' dir='ltr'><strong>sut</strong></span> <span class='ocrx_word' id='word_1_145' title='bbox 420 2393 588 2462; x_wconf 81' lang='lat' dir='ltr'><strong>centesimi,</strong></span> <span class='ocrx_word' id='word_1_146' title='bbox 611 2393 635 2448; x_wconf 86' lang='lat' dir='ltr'><strong>si</strong></span> <span class='ocrx_word' id='word_1_147' title='bbox 653 2394 801 2449; x_wconf 81' lang='lat' dir='ltr'><strong>secundus</strong></span> <span class='ocrx_word' id='word_1_148' title='bbox 824 2394 890 2450; x_wconf 83' lang='lat' dir='ltr'><strong>talis</strong></span> <span class='ocrx_word' id='word_1_149' title='bbox 908 2401 969 2462; x_wconf 86' lang='lat' dir='ltr'><strong>est,</strong></span> <span class='ocrx_word' id='word_1_150' title='bbox 995 2395 1124 2467; x_wconf 77' lang='lat' dir='ltr'><strong>totisque</strong></span> <span class='ocrx_word' id='word_1_151' title='bbox 1142 2406 1175 2452; x_wconf 83' lang='lat' dir='ltr'><strong>et</strong></span> 
     </span>
     <span class='ocr_line' id='line_1_22' title="bbox 127 2481 1172 2560; baseline 0.002 -18"><span class='ocrx_word' id='word_1_152' title='bbox 127 2481 252 2560; x_wconf 80' lang='lat' dir='ltr'><strong>primus.</strong></span> <span class='ocrx_word' id='word_1_153' title='bbox 277 2487 366 2542; x_wconf 81' lang='lat' dir='ltr'><strong>Paene</strong></span> <span class='ocrx_word' id='word_1_154' title='bbox 383 2487 500 2542; x_wconf 83' lang='lat' dir='ltr'><strong>inflatur</strong></span> <span class='ocrx_word' id='word_1_155' title='bbox 512 2487 586 2541; x_wconf 89' lang='lat' dir='ltr'><strong>mihi</strong></span> <span class='ocrx_word' id='word_1_156' title='bbox 605 2501 676 2554; x_wconf 87' lang='lat' dir='ltr'><strong>oor,</strong></span> <span class='ocrx_word' id='word_1_157' title='bbox 694 2486 749 2542; x_wconf 87' lang='lat' dir='ltr'><strong>nisi</strong></span> <span class='ocrx_word' id='word_1_158' title='bbox 765 2502 814 2541; x_wconf 85' lang='lat' dir='ltr'><strong>ms</strong></span> <span class='ocrx_word' id='word_1_159' title='bbox 829 2488 989 2543; x_wconf 87' lang='lat' dir='ltr'><strong>misereret</strong></span> <span class='ocrx_word' id='word_1_160' title='bbox 1002 2489 1172 2559; x_wconf 88' lang='lat' dir='ltr'><strong>hominum,</strong></span> 
     </span>
     <span class='ocr_line' id='line_1_23' title="bbox 127 2579 1172 2653; baseline -0.002 -16"><span class='ocrx_word' id='word_1_161' title='bbox 127 2591 186 2637; x_wconf 78' lang='lat' dir='ltr'><strong>tam</strong></span> <span class='ocrx_word' id='word_1_162' title='bbox 211 2580 326 2653; x_wconf 89' lang='lat' dir='ltr'><strong>perdite</strong></span> <span class='ocrx_word' id='word_1_163' title='bbox 350 2595 404 2635; x_wconf 88' lang='lat' dir='ltr'><strong>eos</strong></span> <span class='ocrx_word' id='word_1_164' title='bbox 420 2593 473 2634; x_wconf 82' lang='lat' dir='ltr'><strong>sna</strong></span> <span class='ocrx_word' id='word_1_165' title='bbox 490 2589 629 2649; x_wconf 82' lang='lat' dir='ltr'><strong>tempora</strong></span> <span class='ocrx_word' id='word_1_166' title='bbox 647 2579 785 2643; x_wconf 83' lang='lat' dir='ltr'><strong>trivisse,</strong></span> <span class='ocrx_word' id='word_1_167' title='bbox 812 2590 842 2634; x_wconf 86' lang='lat' dir='ltr'><strong>et</strong></span> <span class='ocrx_word' id='word_1_168' title='bbox 869 2581 968 2636; x_wconf 81' lang='lat' dir='ltr'><strong>studia</strong></span> <span class='ocrx_word' id='word_1_169' title='bbox 986 2581 1172 2651; x_wconf 83' lang='lat' dir='ltr'><strong>perdidisse,</strong></span> 
     </span>
     <span class='ocr_line' id='line_1_24' title="bbox 124 2671 1172 2742; baseline 0 -12"><span class='ocrx_word' id='word_1_170' title='bbox 124 2690 180 2730; x_wconf 86' lang='lat' dir='ltr'><strong>neo</strong></span> <span class='ocrx_word' id='word_1_171' title='bbox 213 2672 291 2728; x_wconf 87' lang='lat' dir='ltr'><strong>alind</strong></span> <span class='ocrx_word' id='word_1_172' title='bbox 320 2687 409 2742; x_wconf 80' lang='lat' dir='ltr'><strong>quam</strong></span> <span class='ocrx_word' id='word_1_173' title='bbox 436 2673 636 2727; x_wconf 76' lang='lat' dir='ltr'><strong>miserrimum</strong></span> <span class='ocrx_word' id='word_1_174' title='bbox 663 2671 860 2742; x_wconf 74' lang='lat' dir='ltr'><strong>ignorantiam</strong></span> <span class='ocrx_word' id='word_1_175' title='bbox 887 2672 1040 2728; x_wconf 82' lang='lat' dir='ltr'><strong>didicisse.</strong></span> <span class='ocrx_word' id='word_1_176' title='bbox 1084 2673 1172 2730; x_wconf 82' lang='lat' dir='ltr'><strong>Adeo</strong></span> 
     </span>
     <span class='ocr_line' id='line_1_25' title="bbox 125 2763 1172 2833; baseline 0 -9"><span class='ocrx_word' id='word_1_177' title='bbox 125 2766 259 2824; x_wconf 84' lang='lat' dir='ltr'><strong>exotavit</strong></span> <span class='ocrx_word' id='word_1_178' title='bbox 278 2764 428 2833; x_wconf 87' lang='lat' dir='ltr'><strong>Christus,</strong></span> <span class='ocrx_word' id='word_1_179' title='bbox 445 2765 499 2820; x_wconf 82' lang='lat' dir='ltr'><strong>lux</strong></span> <span class='ocrx_word' id='word_1_180' title='bbox 514 2780 584 2819; x_wconf 83' lang='lat' dir='ltr'><strong>vers</strong></span> <span class='ocrx_word' id='word_1_181' title='bbox 598 2763 755 2820; x_wconf 88' lang='lat' dir='ltr'><strong>hominum</strong></span> <span class='ocrx_word' id='word_1_182' title='bbox 764 2803 774 2833; x_wconf 88' lang='lat'>,</span> <span class='ocrx_word' id='word_1_183' title='bbox 793 2775 823 2820; x_wconf 90' lang='lat' dir='ltr'><strong>et</strong></span> <span class='ocrx_word' id='word_1_184' title='bbox 839 2765 975 2833; x_wconf 78' lang='lat' dir='ltr'><strong>regnavit</strong></span> <span class='ocrx_word' id='word_1_185' title='bbox 992 2765 1172 2824; x_wconf 80' lang='lat' dir='ltr'><strong>Aristoteles</strong></span> 
     </span>
     <span class='ocr_line' id='line_1_26' title="bbox 125 2843 1191 2932; baseline -0.003 -13"><span class='ocrx_word' id='word_1_186' title='bbox 125 2843 223 2932; x_wconf 70' lang='lat' dir='ltr'><strong>caligo</strong></span> <span class='ocrx_word' id='word_1_187' title='bbox 245 2859 402 2914; x_wconf 89' lang='lat' dir='ltr'><strong>hominum</strong></span> <span class='ocrx_word' id='word_1_188' title='bbox 421 2857 591 2928; x_wconf 82' lang='lat' dir='ltr'><strong>etquidem</strong></span> <span class='ocrx_word' id='word_1_189' title='bbox 616 2857 786 2913; x_wconf 80' lang='lat' dir='ltr'><strong>deterrimo.</strong></span> <span class='ocrx_word' id='word_1_190' title='bbox 835 2856 931 2925; x_wconf 84' lang='lat' dir='ltr'><strong>Igitur</strong></span> <span class='ocrx_word' id='word_1_191' title='bbox 952 2855 1013 2913; x_wconf 77' lang='lat' dir='ltr'><strong>vidi</strong></span> <span class='ocrx_word' id='word_1_192' title='bbox 1036 2873 1117 2913; x_wconf 87' lang='lat' dir='ltr'><strong>nuno</strong></span> <span class='ocrx_word' id='word_1_193' title='bbox 1140 2864 1191 2916; x_wconf 81' lang='lat' dir='ltr'><strong>et&#39;</strong></span> 
     </span>
     <span class='ocr_line' id='line_1_27' title="bbox 123 2945 1170 3031; baseline 0 -21"><span class='ocrx_word' id='word_1_194' title='bbox 123 2964 266 3027; x_wconf 88' lang='lat' dir='ltr'><strong>expertus</strong></span> <span class='ocrx_word' id='word_1_195' title='bbox 285 2968 353 3008; x_wconf 89' lang='lat' dir='ltr'><strong>sum</strong></span> <span class='ocrx_word' id='word_1_196' title='bbox 371 2951 448 3008; x_wconf 90' lang='lat' dir='ltr'><strong>duos</strong></span> <span class='ocrx_word' id='word_1_197' title='bbox 466 2950 570 3006; x_wconf 86' lang='lat' dir='ltr'><strong>leones</strong></span> <span class='ocrx_word' id='word_1_198' title='bbox 589 2949 706 3019; x_wconf 80' lang='lat' dir='ltr'><strong>Moab,</strong></span> <span class='ocrx_word' id='word_1_199' title='bbox 723 2959 759 3006; x_wconf 87' lang='lat' dir='ltr'><strong>ut</strong></span> <span class='ocrx_word' id='word_1_200' title='bbox 777 2949 818 3004; x_wconf 81' lang='lat' dir='ltr'><strong>nit</strong></span> <span class='ocrx_word' id='word_1_201' title='bbox 829 2945 1015 3023; x_wconf 77' lang='lat' dir='ltr'><strong>&#39;Scriptursz</strong></span> <span class='ocrx_word' id='word_1_202' title='bbox 1034 2952 1170 3031; x_wconf 80' lang='lat' dir='ltr'><strong>nunquid</strong></span> 
     </span>
     <span class='ocr_line' id='line_1_28' title="bbox 122 3042 1169 3118; baseline 0.001 -14"><span class='ocrx_word' id='word_1_203' title='bbox 122 3050 229 3104; x_wconf 86' lang='lat' dir='ltr'><strong>timere</strong></span> <span class='ocrx_word' id='word_1_204' title='bbox 248 3061 372 3118; x_wconf 83' lang='lat' dir='ltr'><strong>possum</strong></span> <span class='ocrx_word' id='word_1_205' title='bbox 393 3044 512 3117; x_wconf 87' lang='lat' dir='ltr'><strong>lepores</strong></span> <span class='ocrx_word' id='word_1_206' title='bbox 534 3042 654 3100; x_wconf 74' lang='lat' dir='ltr'><strong>Moab?</strong></span> <span class='ocrx_word' id='word_1_207' title='bbox 671 3043 779 3113; x_wconf 79' lang='lat' dir='ltr'><strong>vivat,</strong></span> <span class='ocrx_word' id='word_1_208' title='bbox 798 3043 897 3112; x_wconf 79' lang='lat' dir='ltr'><strong>vivat,</strong></span> <span class='ocrx_word' id='word_1_209' title='bbox 915 3045 997 3101; x_wconf 81' lang='lat' dir='ltr'><strong>vivat</strong></span> <span class='ocrx_word' id='word_1_210' title='bbox 1016 3045 1169 3118; x_wconf 85' lang='lat' dir='ltr'><strong>Christus,</strong></span> 
     </span>
    </p>
   </div>
   <div class='ocr_carea' id='block_1_5' title="bbox 120 3145 1162 3304">
    <p class='ocr_par' dir='ltr' id='par_1_6' title="bbox 120 3145 1162 3304">
     <span class='ocr_line' id='line_1_29' title="bbox 180 3159 227 3197; baseline 0 0"><span class='ocrx_word' id='word_1_211' title='bbox 180 3159 227 3197; x_wconf 92' lang='lat' dir='ltr'><strong>en.</strong></span> 
     </span>
     <span class='ocr_line' id='line_1_30' title="bbox 120 3145 1162 3304; baseline 0.001 -13"><span class='ocrx_word' id='word_1_212' title='bbox 120 3145 277 3291; x_wconf 72' lang='lat' dir='ltr'><strong>AmNono</strong></span> <span class='ocrx_word' id='word_1_213' title='bbox 296 3251 372 3303; x_wconf 82' lang='lat' dir='ltr'><strong>rogo</strong></span> <span class='ocrx_word' id='word_1_214' title='bbox 380 3273 393 3303; x_wconf 92' lang='lat'><em>,</em></span> <span class='ocrx_word' id='word_1_215' title='bbox 410 3232 440 3287; x_wconf 95' lang='lat' dir='ltr'><strong>id</strong></span> <span class='ocrx_word' id='word_1_216' title='bbox 462 3232 587 3304; x_wconf 79' lang='lat' dir='ltr'><strong>explora</strong></span> <span class='ocrx_word' id='word_1_217' title='bbox 605 3230 698 3298; x_wconf 86' lang='lat' dir='ltr'><strong>mihi,</strong></span> <span class='ocrx_word' id='word_1_218' title='bbox 724 3247 760 3285; x_wconf 78' lang='lat' dir='ltr'><strong>an</strong></span> <span class='ocrx_word' id='word_1_219' title='bbox 779 3247 816 3286; x_wconf 89' lang='lat' dir='ltr'><strong>ne</strong></span> <span class='ocrx_word' id='word_1_220' title='bbox 834 3229 968 3304; x_wconf 83' lang='lat' dir='ltr'><strong>Principi</strong></span> <span class='ocrx_word' id='word_1_221' title='bbox 989 3232 1162 3292; x_wconf 68' lang='lat' dir='ltr'><strong>faciundum</strong></span> 
     </span>
    </p>
   </div>
   <div class='ocr_carea' id='block_1_6' title="bbox 112 3312 1247 3871">
    <p class='ocr_par' dir='ltr' id='par_1_7' title="bbox 112 3312 1247 3871">
     <span class='ocr_line' id='line_1_31' title="bbox 118 3312 1167 3400; baseline 0.003 -15"><span class='ocrx_word' id='word_1_222' title='bbox 118 3330 176 3398; x_wconf 84' lang='lat' dir='ltr'><strong>tit,</strong></span> <span class='ocrx_word' id='word_1_223' title='bbox 195 3339 229 3384; x_wconf 91' lang='lat' dir='ltr'><strong>ot</strong></span> <span class='ocrx_word' id='word_1_224' title='bbox 245 3345 301 3400; x_wconf 88' lang='lat' dir='ltr'><strong>pro</strong></span> <span class='ocrx_word' id='word_1_225' title='bbox 317 3343 367 3381; x_wconf 88' lang='lat' dir='ltr'><strong>me</strong></span> <span class='ocrx_word' id='word_1_226' title='bbox 385 3325 499 3382; x_wconf 82' lang='lat' dir='ltr'><strong>scribat</strong></span> <span class='ocrx_word' id='word_1_227' title='bbox 517 3328 553 3381; x_wconf 80' lang='lat' dir='ltr'><strong>sd</strong></span> <span class='ocrx_word' id='word_1_228' title='bbox 571 3341 721 3380; x_wconf 85' lang='lat' dir='ltr'><strong>summum</strong></span> <span class='ocrx_word' id='word_1_229' title='bbox 737 3325 936 3394; x_wconf 84' lang='lat' dir='ltr'><strong>Pontificem,</strong></span> <span class='ocrx_word' id='word_1_230' title='bbox 953 3345 1010 3400; x_wconf 93' lang='lat' dir='ltr'><strong>pro</strong></span> <span class='ocrx_word' id='word_1_231' title='bbox 1024 3312 1167 3389; x_wconf 49' lang='lat' dir='ltr'><strong>commis:</strong></span> 
     </span>
     <span class='ocr_line' id='line_1_32' title="bbox 117 3419 1163 3496; baseline 0.002 -17"><span class='ocrx_word' id='word_1_232' title='bbox 117 3423 313 3479; x_wconf 79' lang='lat' dir='ltr'><strong>siooeoousae</strong></span> <span class='ocrx_word' id='word_1_233' title='bbox 334 3421 497 3492; x_wconf 80' lang='lat' dir='ltr'><strong>adportes.</strong></span> <span class='ocrx_word' id='word_1_234' title='bbox 544 3419 617 3475; x_wconf 91' lang='lat' dir='ltr'><strong>Non</strong></span> <span class='ocrx_word' id='word_1_235' title='bbox 640 3419 721 3491; x_wconf 90' lang='lat' dir='ltr'><strong>qnod</strong></span> <span class='ocrx_word' id='word_1_236' title='bbox 750 3435 806 3489; x_wconf 80' lang='lat' dir='ltr'><strong>ego</strong></span> <span class='ocrx_word' id='word_1_237' title='bbox 827 3419 955 3476; x_wconf 85' lang='lat' dir='ltr'><strong>muitum</strong></span> <span class='ocrx_word' id='word_1_238' title='bbox 979 3437 1085 3478; x_wconf 86' lang='lat' dir='ltr'><strong>eurem</strong></span> <span class='ocrx_word' id='word_1_239' title='bbox 1106 3440 1163 3496; x_wconf 91' lang='lat' dir='ltr'><strong>pro</strong></span> 
     </span>
     <span class='ocr_line' id='line_1_33' title="bbox 115 3514 1176 3591; baseline 0.006 -21"><span class='ocrx_word' id='word_1_240' title='bbox 115 3514 187 3584; x_wconf 85' lang='lat' dir='ltr'><strong>me&#39;,</strong></span> <span class='ocrx_word' id='word_1_241' title='bbox 211 3532 280 3571; x_wconf 86' lang='lat' dir='ltr'><strong>cum</strong></span> <span class='ocrx_word' id='word_1_242' title='bbox 308 3514 428 3571; x_wconf 82' lang='lat' dir='ltr'><strong>doleam</strong></span> <span class='ocrx_word' id='word_1_243' title='bbox 451 3515 595 3569; x_wconf 88' lang='lat' dir='ltr'><strong>miserum</strong></span> <span class='ocrx_word' id='word_1_244' title='bbox 616 3529 666 3568; x_wconf 89' lang='lat' dir='ltr'><strong>me</strong></span> <span class='ocrx_word' id='word_1_245' title='bbox 686 3530 748 3569; x_wconf 91' lang='lat' dir='ltr'><strong>non</strong></span> <span class='ocrx_word' id='word_1_246' title='bbox 776 3528 843 3568; x_wconf 86' lang='lat' dir='ltr'><strong>esse</strong></span> <span class='ocrx_word' id='word_1_247' title='bbox 871 3514 1013 3585; x_wconf 80' lang='lat' dir='ltr'><strong>dignum,</strong></span> <span class='ocrx_word' id='word_1_248' title='bbox 1044 3519 1176 3591; x_wconf 39' lang='lat' dir='ltr'><strong>aliquod,</strong></span> 
     </span>
     <span class='ocr_line' id='line_1_34' title="bbox 116 3608 1162 3682; baseline 0.005 -18"><span class='ocrx_word' id='word_1_249' title='bbox 116 3609 229 3679; x_wconf 82' lang='lat' dir='ltr'><strong>insigne</strong></span> <span class='ocrx_word' id='word_1_250' title='bbox 248 3609 358 3663; x_wconf 84' lang='lat' dir='ltr'><strong>matum</strong></span> <span class='ocrx_word' id='word_1_251' title='bbox 370 3626 426 3680; x_wconf 89' lang='lat' dir='ltr'><strong>pro</strong></span> <span class='ocrx_word' id='word_1_252' title='bbox 447 3609 574 3664; x_wconf 79' lang='lat' dir='ltr'><strong>veritate</strong></span> <span class='ocrx_word' id='word_1_253' title='bbox 595 3608 672 3680; x_wconf 85' lang='lat' dir='ltr'><strong>poti,</strong></span> <span class='ocrx_word' id='word_1_254' title='bbox 692 3623 762 3662; x_wconf 86' lang='lat' dir='ltr'><strong>oum</strong></span> <span class='ocrx_word' id='word_1_255' title='bbox 780 3615 879 3662; x_wconf 79' lang='lat' dir='ltr'><strong>tomen</strong></span> <span class='ocrx_word' id='word_1_256' title='bbox 895 3608 952 3664; x_wconf 81' lang='lat' dir='ltr'><strong>hnc</strong></span> <span class='ocrx_word' id='word_1_257' title='bbox 972 3613 1162 3682; x_wconf 77' lang='lat' dir='ltr'><strong>profectione</strong></span> 
     </span>
     <span class='ocr_line' id='line_1_35' title="bbox 113 3688 1165 3777; baseline 0.003 -19"><span class='ocrx_word' id='word_1_258' title='bbox 113 3718 208 3775; x_wconf 86' lang='lat' dir='ltr'><strong>prope</strong></span> <span class='ocrx_word' id='word_1_259' title='bbox 223 3718 320 3773; x_wconf 83' lang='lat' dir='ltr'><strong>nsque</strong></span> <span class='ocrx_word' id='word_1_260' title='bbox 336 3703 371 3756; x_wconf 84' lang='lat' dir='ltr'><strong>ad</strong></span> <span class='ocrx_word' id='word_1_261' title='bbox 387 3703 582 3757; x_wconf 81' lang='lat' dir='ltr'><strong>tentationem</strong></span> <span class='ocrx_word' id='word_1_262' title='bbox 599 3702 670 3770; x_wconf 89' lang='lat' dir='ltr'><strong>Dei,</strong></span> <span class='ocrx_word' id='word_1_263' title='bbox 689 3699 821 3770; x_wconf 80' lang='lat' dir='ltr'><strong>periculo</strong></span> <span class='ocrx_word' id='word_1_264' title='bbox 835 3710 865 3756; x_wconf 84' lang='lat' dir='ltr'><strong>et</strong></span> <span class='ocrx_word' id='word_1_265' title='bbox 883 3702 959 3757; x_wconf 82' lang='lat' dir='ltr'><strong>mnia</strong></span> <span class='ocrx_word' id='word_1_266' title='bbox 972 3706 1140 3777; x_wconf 81' lang='lat' dir='ltr'><strong>quaesierirn</strong></span> <span class='ocrx_word' id='word_1_267' title='bbox 1152 3688 1165 3761; x_wconf 82' lang='lat'><strong>¹:</strong></span> 
     </span>
     <span class='ocr_line' id='line_1_36' title="bbox 112 3796 1247 3871; baseline -0.001 -19"><span class='ocrx_word' id='word_1_268' title='bbox 112 3797 166 3852; x_wconf 84' lang='lat' dir='ltr'><strong>sed</strong></span> <span class='ocrx_word' id='word_1_269' title='bbox 193 3796 276 3868; x_wconf 89' lang='lat' dir='ltr'><strong>quod</strong></span> <span class='ocrx_word' id='word_1_270' title='bbox 300 3796 483 3852; x_wconf 83' lang='lat' dir='ltr'><strong>Universitas</strong></span> <span class='ocrx_word' id='word_1_271' title='bbox 508 3807 613 3852; x_wconf 80' lang='lat' dir='ltr'><strong>nostro</strong></span> <span class='ocrx_word' id='word_1_272' title='bbox 635 3798 709 3855; x_wconf 84' lang='lat' dir='ltr'><strong>mihi</strong></span> <span class='ocrx_word' id='word_1_273' title='bbox 734 3816 813 3856; x_wconf 82' lang='lat' dir='ltr'><strong>ourae</strong></span> <span class='ocrx_word' id='word_1_274' title='bbox 838 3807 900 3857; x_wconf 79' lang='lat' dir='ltr'><strong>est:</strong></span> <span class='ocrx_word' id='word_1_275' title='bbox 921 3806 952 3853; x_wconf 88' lang='lat' dir='ltr'><strong>et</strong></span> <span class='ocrx_word' id='word_1_276' title='bbox 976 3801 1162 3871; x_wconf 82' lang='lat' dir='ltr'><strong>optimorum</strong></span> <span class='ocrx_word' id='word_1_277' title='bbox 1242 3822 1247 3834; x_wconf 83' lang='lat'><em>.</em></span> 
     </span>
    </p>
   </div>
   <div class='ocr_carea' id='block_1_7' title="bbox 167 4060 427 4115">
    <p class='ocr_par' dir='ltr' id='par_1_8' title="bbox 167 4060 427 4115">
     <span class='ocr_line' id='line_1_37' title="bbox 167 4060 427 4115; baseline -0.004 -4"><span class='ocrx_word' id='word_1_278' title='bbox 167 4064 198 4114; x_wconf 80' lang='lat' dir='ltr'><strong>&#39;i</strong></span> <span class='ocrx_word' id='word_1_279' title='bbox 225 4060 258 4111; x_wconf 68' lang='grc' dir='ltr'><strong>Ε.</strong></span> <span class='ocrx_word' id='word_1_280' title='bbox 273 4060 295 4106; x_wconf 75' lang='lat' dir='ltr'><strong>b·</strong></span> <span class='ocrx_word' id='word_1_281' title='bbox 311 4061 366 4115; x_wconf 70' lang='lat' dir='ltr'><strong>itit·</strong></span> <span class='ocrx_word' id='word_1_282' title='bbox 380 4062 427 4110; x_wconf 80' lang='lat' dir='ltr'><strong>No.</strong></span> 
     </span>
    </p>
   </div>
   <div class='ocr_carea' id='block_1_8' title="bbox 0 0 1292 4732">
    <p class='ocr_par' dir='ltr' id='par_1_9' title="bbox 0 0 1292 4732">
     <span class='ocr_line' id='line_1_38' title="bbox 0 0 1292 4732; baseline 0 11"><span class='ocrx_word' id='word_1_283' title='bbox 0 0 1292 4732; x_wconf 95' lang='lat' dir='ltr'><strong> </strong></span> 
     </span>
    </p>
   </div>
  </div>
 </body>
</html>
