2574 4732
194 285 255 356 246
465 292 468 297 ¹
671 288 763 359 1519·
1219 318 1238 354 Ν

221 491 235 514 .,
261 444 344 521 Quid
357 450 429 516 orgo
445 445 594 517 reliquum
609 455 668 515 est,
686 447 742 503 uiri
759 453 794 502 ut
813 431 1124 517 munum'juvemns,
1140 443 1249 502 labeus

194 539 276 597 tibus
299 555 438 608 tanquam
459 555 489 593 et
513 541 568 610 ipsi
590 541 638 595 vel
656 542 729 614 lapsi
753 542 801 596 vel
822 542 931 611 lapsuri
952 542 1168 610 ignoscamus:
1205 555 1247 596 ue

193 634 234 690 illi
260 635 417 689 hominum
443 638 543 702 generi
568 636 656 704 longe
685 635 850 690 deterrimo
884 645 915 690 et
940 635 1104 690 foedissimo
1135 635 1248 689 adoeu.

195 743 332 792 seamurp
359 728 431 798 qui,
455 743 525 783 oum
546 730 601 801 ipti
621 730 688 783 sere
703 727 775 784 nihil
796 728 910 800 possint
937 745 998 785 uou
1020 727 1248 799 reprehendent.

193 821 265 876 dunt
286 820 422 888 efficere,
439 822 464 875 si
486 838 576 891 quem
592 822 788 878 illustriorem
806 821 852 878 vel
873 821 991 889 docco,
1011 837 1069 876 oen
1088 821 1247 889 rhamnus,

194 915 420 986 apprehendere
441 916 581 986 possint,
607 932 678 970 mox
699 915 901 986 Pompejuuos
920 915 1092 986 triumphos
1111 921 1246 985 sperant.

194 1009 264 1063 Scio
285 1022 352 1063 esse
372 1009 634 1077 impudentissimas
651 1009 829 1065 temeritatis
847 1024 937 1076 eum,
956 1008 1006 1079 qui
1028 1009 1135 1063 audeat
1152 1005 1248 1077 profi.

194 1102 251 1157 teri
280 1117 372 1155 unum
397 1100 507 1156 librum
528 1101 705 1173 Scriptura,
732 1116 801 1157 ase
820 1101 850 1157 in
878 1102 1018 1158 omnibus
1040 1101 1175 1172 partibus
1200 1099 1248 1155 in.

194 1198 360 1251 tellectum.
406 1194 488 1266 Quin
518 1196 585 1267 quis
612 1197 717 1251 audeat
740 1211 940 1268 praesumere,
970 1211 1063 1250 unum
1091 1194 1247 1251 Psalmnm

193 1292 325 1345 rotunde
342 1287 379 1342 ab
400 1288 461 1342 ullo
481 1289 686 1347 intellectum?
705 1289 772 1345 vin
785 1300 889 1345 nostru
906 1289 1024 1346 initium
1041 1300 1071 1345 st
1087 1289 1246 1362 profectus

194 1391 257 1443 est,
278 1397 339 1434 noo
357 1382 591 1451 consummatio,
614 1384 663 1439 ille
681 1383 810 1451 melior,
828 1385 879 1456 qui
901 1385 938 1442 ad
961 1385 1100 1457 spiritum
1121 1383 1246 1455 propius

194 1456 382 1530 accesserit(
405 1476 434 1530 Si
462 1478 590 1545 attigero
616 1479 734 1548 lunam,
765 1495 827 1534 uon
854 1494 930 1534 mox
952 1489 983 1534 et
1007 1478 1103 1534 solem
1121 1493 1171 1531 me
1195 1492 1249 1548 ap.

195 1569 392 1640 prehendisse
421 1570 609 1639 arbitrabor,
642 1576 695 1628 sed
718 1589 775 1649 neo
803 1574 904 1629 stellas
930 1573 1064 1628 minores
1088 1570 1248 1625 fastidiam.

195 1662 270 1718 Sunt
285 1665 394 1732 gradus
410 1666 439 1720 in
454 1666 583 1721 vivendo
600 1679 632 1723 et
647 1669 780 1736 agendo,
798 1683 854 1735 pur
869 1684 929 1722 oon
945 1668 1017 1722 etin
1033 1665 1249 1734 intelligendo?

193 1757 363 1829 Apostolus
391 1760 599 1816 transformari
623 1777 680 1817 nos
704 1762 777 1818 dicit
796 1762 832 1816 do
859 1761 995 1817 claritate
1017 1761 1045 1816 in
1067 1760 1249 1825 claritatem.

83 1878 91 1885 ·
194 1849 235 1907 Et
255 1861 287 1906 ut
303 1853 403 1934 dicum
425 1855 506 1925 quod
525 1870 574 1909 res
594 1865 660 1922 est,
679 1865 797 1911 tautum
813 1855 871 1911 illis
884 1856 997 1922 servio,
1015 1853 1066 1926 qui
1084 1853 1149 1909 haro
1162 1853 1249 1922 igno.

194 1955 263 2000 rtnt
284 1956 313 2000 et
335 1938 459 2009 volunt,
484 1956 547 2003 tum
569 1948 599 2003 id
614 1950 717 2027 saltem
734 1950 905 2021 prostitisse
921 1948 1058 2019 juvabit,
1084 1948 1165 2019 quod
1183 1961 1248 2000 me.

196 2037 324 2095 liortbus
344 2040 451 2095 studiis
469 2051 499 2095 et
519 2057 567 2094 ms
589 2052 620 2095 et
638 2044 792 2099 auditores
810 2058 896 2098 meos
916 2042 1036 2098 interim
1055 2041 1248 2112 oocuparim,

195 2147 287 2202 quant
309 2133 334 2187 si
360 2149 451 2203 super
471 2133 566 2188 libros
587 2136 803 2191 sententiarum
827 2150 924 2191 novas
946 2134 1085 2189 tenebras
1109 2143 1140 2188 et
1161 2149 1248 2189 ranas

195 2231 227 2278 et
245 2236 365 2278 muscas
385 2241 545 2281 creassem.
842 2232 845 2237 ’
1187 2233 1189 2236 ’

264 2315 319 2370 Est
345 2329 444 2372 autem
464 2320 490 2374 iu
514 2318 610 2386 liber‚‘
637 2317 855 2388 meoiudicio,
883 2319 1004 2375 diverto
1020 2316 1058 2372 ab
1077 2316 1142 2372 aliis
1161 2315 1246 2372 libris

81 2423 83 2428 ⁴
195 2416 384 2477 argumento.
421 2411 454 2465 ln
473 2413 589 2466 caeteris
613 2415 692 2467 enlm
713 2413 861 2485 docemur
877 2423 907 2468 et
924 2411 1020 2466 verbo
1041 2420 1071 2467 et
1083 2411 1246 2482 exemplo,

196 2503 269 2575 duid
290 2506 437 2573 agendum
460 2507 513 2562 sit:
541 2507 592 2561 hio
608 2521 669 2561 nnn
689 2500 781 2563 niodo
803 2508 916 2572 docet,
943 2506 997 2562 sed
1017 2515 1046 2562 et
1066 2507 1191 2561 modum
1216 2513 1249 2560 et

199 2614 287 2653 usum
303 2600 404 2669 tradit,-
424 2614 486 2672 quo
502 2601 629 2656 verbum
642 2603 838 2673 impleamus,
857 2611 887 2658 et
899 2603 1068 2673 exemplum
1084 2602 1248 2657 imitemur.

198 2692 271 2749 Nou
291 2696 370 2750 enim
391 2706 501 2751 nostin
515 2696 580 2769 opis
595 2705 641 2752 est
661 2695 758 2764 legem
773 2696 833 2752 Dei
849 2697 991 2768 implero,
1020 2706 1071 2752 aut
1095 2696 1249 2752 Christum

198 2789 327 2857 imitari,
355 2791 407 2845 sed
432 2807 520 2845 orare
539 2801 570 2847 et
595 2791 785 2858 desiderare,
813 2800 847 2846 ut
867 2792 1010 2846 laniamus
1031 2802 1061 2847 tt
1080 2791 1251 2858 imitemur,

199 2883 252 2938 ubi
279 2899 353 2939 vero
373 2885 620 2954 impetravimus,
652 2885 771 2939 laudere
794 2894 824 2939 et
848 2887 956 2954 gratias
977 2900 1075 2954 agere.
1117 2885 1159 2938 At
1178 2882 1250 2952 quid

197 2978 278 3032 aliud
306 2979 485 3034 Psalterium
512 2992 576 3048 est,
601 2994 692 3050 quam
722 2979 820 3035 oratio
849 2989 879 3034 et
902 2980 964 3035 lans
991 2977 1070 3044 Dei,
1096 2974 1247 3041 horest,

199 3070 278 3126 liber
292 3071 492 3141 hymnorum?
1090 3068 1092 3072 ⁴
1108 3085 1113 3094 ·

271 3165 376 3236 Ite‘que
397 3171 537 3238 optimus·
549 3167 675 3239 Spiritus
698 3164 776 3234 Dei,
799 3164 982 3236 pupillorum
1002 3173 1088 3235 pater
1108 3170 1139 3218 et
1155 3162 1250 3217 infan.

200 3259 277 3314 tium
299 3262 461 3328 magister,
487 3276 556 3314 oum
576 3261 676 3315 videat
694 3274 750 3314 nor
771 3260 906 3325 nescire,
930 3256 1000 3327 quid
1022 3264 1072 3309 aut
1093 3257 1248 3327 quomodo

198 3368 290 3407 orare
313 3365 476 3429 oporteat,
500 3364 537 3408 'ut
567 3354 733 3425 Apostolus
759 3352 853 3419 dicit,
884 3352 1038 3421 adjuturus
1062 3350 1250 3406 infirmitates

200 3455 340 3508 nostras,
359 3463 444 3502 more
461 3448 708 3519 pedagogorum,
725 3447 776 3517 qui
793 3445 893 3517 pueris
914 3445 1089 3514 concipiunt
1106 3445 1250 3517 epistolas

200 3539 250 3594 vel
276 3541 496 3607 oratiunculas,
523 3520 660 3612 quasud
688 3547 827 3614 parentes
852 3530 1008 3607 arribuit,
1042 3540 1081 3593 ita
1105 3538 1193 3593 nobis
1220 3547 1251 3592 et

200 3632 295 3690 verba
319 3642 349 3689 et
374 3635 499 3690 allectus
523 3645 666 3709 prnparat
687 3635 750 3694 hoo
769 3633 866 3703 libro,
892 3633 1002 3705 quibus
1019 3632 1142 3689 Patrem
1160 3632 1252 3687 coele.

200 3737 280 3805 stem
299 3728 486 3799 alloquamur
501 3740 532 3786 et
550 3746 672 3787 oremus
693 3730 731 3787 de
750 3729 798 3789 his
813 3727 866 3802 ⁰),
883 3744 949 3804 quo
965 3729 996 3785 iu
1018 3727 1142 3799 reliquis
1165 3726 1250 3783 libris

205 3869 729 3909 μ-η--μ-μῃ--ι-ι-

255 3966 288 4012 ul
317 3964 336 4010 Α
363 3963 429 4015 Jea.
453 3963 500 4026 ipsi
521 3974 585 4012 curu.

257 4047 292 4096 ol
318 4043 346 4090 d.
365 4042 406 4092 iit.
