2574 4732
141 286 264 396 nao'⁴
438 312 444 323 “
619 328 710 398 1519.

141 487 307 558 scripturas
330 484 377 540 die
405 501 441 540 ac
464 493 555 541 noete
574 486 730 554 viderent,
758 502 794 542 an
814 486 854 542 ita
873 503 906 544 se
922 485 1081 544 baberent.
1118 487 1191 543 Tibi

141 591 173 637 et
185 580 281 636 Eccio
296 596 363 634 anos
383 590 429 634 ast
443 582 577 635 (amnium
592 583 670 636 dicta
682 590 858 652 acceptare.
872 596 908 636 et
923 582 1013 637 verba
1029 584 1191 654 Scripturas

140 683 339 746 attemperare
356 673 456 728 verbis
465 674 603 730 l’atrum:
617 666 700 746 quasi
715 677 828 731 illinon
844 678 878 730 ud
893 676 1080 749 Scripturam
1096 677 1193 742 magis

140 784 231 840 quam
259 769 295 823 ad
324 784 356 821 se
386 769 535 825 volueriut
556 786 612 825 nos
634 770 764 826 trahere.
807 769 887 825 Mihi
919 780 1026 826 contra
1052 786 1119 825 mos
1146 779 1194 825 est

141 862 282 934 exemplo
312 863 494 931 Augustini,
524 864 605 919 salva
629 864 764 919 omnium
790 866 979 934 reverentia,
1015 864 1129 919 rivulos
1156 864 1193 918 ad

139 955 257 1011 fontem
275 972 371 1026 ussine
389 956 484 1025 sequi,
505 958 585 1028 quod
604 966 634 1012 et
652 956 845 1012 Bernhardus
865 959 1017 1013 sefacere
1035 958 1192 1027 gloriatur.

210 1048 259 1104 De
277 1051 410 1141 seeumlo
429 1051 499 1106 loco
521 1049 631 1120 Philip.
648 1050 685 1106 11.
708 1065 799 1120 quem
820 1060 905 1121 putas
924 1069 940 1105 u
960 1068 1011 1108 tue
1030 1050 1192 1106 Erasmum

140 1150 248 1202 secuto
263 1144 338 1197 male
359 1151 537 1212 tractatum,
556 1145 768 1199 verumetiam
786 1152 819 1200 tu
839 1145 891 1201 hic
909 1161 970 1200 non
985 1153 1118 1211 textum,
1137 1144 1191 1200 sed

140 1235 266 1293 Patrum
291 1231 452 1290 sententias
477 1236 586 1291 refers.
628 1235 785 1305 Primum,
809 1238 850 1292 mi
869 1239 917 1293 vir
938 1239 1080 1307 egregie,
1098 1239 1191 1294 credo

140 1339 174 1386 te
192 1345 282 1385 nosse
302 1329 383 1383 hunc
403 1344 523 1384 versum
539 1330 652 1387 Psalm.
666 1330 737 1386 CX.
760 1330 869 1386 Tecmo
889 1331 1076 1402 prirrcipiam
1094 1331 1193 1386 iridis

85 1444 89 1451 ·
140 1424 261 1497 uirtutis
279 1429 353 1493 tute,
371 1425 403 1478 in
420 1422 627 1492 splendoribus
642 1432 819 1483 sanctorum
840 1441 881 1480 ear
902 1432 1007 1486 utero,
1034 1431 1107 1480 onte
1125 1424 1192 1480 Lu.

140 1517 270 1586 siser-ron
281 1518 373 1594 genai
387 1527 432 1590 te,
451 1536 517 1575 esse
534 1519 570 1575 de
585 1512 752 1576 Divinitate
768 1521 900 1586 Christi,
920 1523 1064 1576 adversus
1082 1520 1191 1574 Arium

140 1614 225 1668 velut
246 1628 417 1682 summum,
445 1631 481 1669 ac
502 1615 581 1670 inter
602 1615 714 1684 prima,
743 1624 949 1684 argumentum
970 1615 1128 1682 agitatum:
1155 1621 1191 1667 ut

140 1705 213 1774 legis
239 1707 267 1761 in
294 1707 427 1787 Tripart.
453 1718 483 1764 et
506 1709 536 1763 in
563 1708 748 1775 Augustino,
776 1710 816 1763 ita
839 1717 873 1763 ut
897 1707 1004 1764 Graeca
1028 1717 1058 1762 et
1082 1705 1189 1761 Latina

140 1799 278 1856 Ecclesia
295 1801 357 1856 hoc
377 1817 467 1857 sensu
498 1819 566 1857 eum
585 1803 739 1859 Psalmum
762 1811 863 1858 teneat
887 1804 976 1857 etiarn
1000 1811 1088 1856 cantu
1109 1799 1190 1854 cele.

139 1891 260 1949 brutum
279 1896 306 1949 in
325 1895 424 1950 allicio
442 1897 559 1953 divino:
579 1905 755 1953 nontamen
773 1896 813 1952 ob
832 1899 893 1952 hoc
911 1896 1039 1966 Lyram,
1056 1895 1193 1963 Burgen-

140 2002 224 2067 sem,
252 1989 314 2042 imo
341 1987 496 2042 Hebraeam
524 1989 654 2057 linguam
678 1989 877 2058 hereticabis,
895 1990 947 2045 ubi
976 1991 1085 2059 legitur
1108 1989 1190 2042 hunc

139 2097 262 2139 vorsum
282 2097 343 2135 uon
361 2098 451 2158 posse
469 2082 590 2152 quidem
609 2081 645 2136 tle
663 2084 816 2138 divinitate
835 2084 969 2153 intelligi.
1007 2084 1110 2156 Quare
1127 2100 1189 2137 nou

140 2189 261 2244 semper
273 2173 361 2228 claris
376 2185 405 2229 et
419 2176 529 2244 apertis
542 2175 752 2230 autoritatibus
766 2184 871 2230 contra
885 2175 1045 2230 haereticos
1058 2184 1189 2245 pugnant

140 2265 234 2325 sancti
253 2265 369 2323 Patres.
414 2266 500 2340 Quot
518 2265 728 2322 autoritatibus
746 2267 879 2321 abutitur
896 2267 1095 2336 Hieronymus
1114 2283 1189 2320 con.

139 2369 186 2416 tra
203 2358 418 2422 Jovinianum?
437 2359 622 2429 Augustinus
640 2368 748 2416 contra
764 2358 980 2427 Pelagianum?
999 2368 1030 2414 et
1048 2359 1095 2414 alii
1114 2375 1188 2414 con.

143 2463 189 2509 trs
211 2455 307 2509 alios?

208 2548 285 2604 Item
299 2548 369 2603 illud
382 2547 526 2604 Genesis:
547 2548 711 2606 Faciamus
724 2548 875 2606 hominem
893 2547 937 2604 od
951 2547 1117 2622 unoqtnem
1134 2563 1187 2603 no.

140 2650 257 2713 stram,
283 2655 392 2716 quauta
413 2643 518 2699 fiducia
539 2646 670 2714 August:
697 2663 753 2717 pro
772 2645 929 2700 Trinitatis
948 2646 1133 2712 assertione,
1158 2653 1189 2699 et

140 2755 198 2811 pro
221 2739 366 2808 imagine,
394 2755 458 2809 quas
477 2749 523 2795 est
541 2739 570 2792 in
590 2739 732 2807 homine,
751 2748 875 2794 tractat:
904 2755 974 2793 cum
990 2747 1130 2793 neutrum
1149 2753 1188 2793 ex

141 2850 179 2888 eo
205 2835 302 2906 possit
324 2833 463 2904 probari,
497 2835 577 2904 quod
609 2835 638 2889 in
664 2834 793 2889 Hebraeo
818 2832 945 2902 sociam
968 2833 1093 2902 dicitur,
1126 2849 1187 2889 nou

134 2923 307 3002 suciamus.
344 2929 421 2983 Item
440 2929 509 2984 illud
526 2928 627 2984 Exod.
645 2929 700 2984 111.
720 2928 791 3003 qu
808 2944 891 2995 sum,
911 2928 963 3000 qai
977 2943 1064 2997 sm,
1082 2943 1187 2982 omnes

141 3022 178 3076 ad
205 3021 400 3077 substantiam
422 3023 481 3077 Dei
501 3023 653 3081 referunt:
683 3039 752 3078 curn
775 3022 937 3091 Burgensis
962 3031 992 3075 et
1014 3020 1129 3075 Hebraei
1150 3021 1190 3074 arb

141 3117 283 3170 effectum
303 3118 402 3172 auxilii
419 3119 511 3187 aptari
533 3119 723 3173 convincant.
759 3116 838 3197 Quia
856 3115 946 3182 dicit,
965 3113 1033 3168 Ero
1050 3113 1101 3186 qui
1115 3116 1198 3177 ero,'

145 3208 176 3264 iu
194 3210 313 3265 futuro:
333 3224 362 3264 et
381 3211 493 3264 infinita
511 3210 560 3267 his
577 3211 694 3266 similia.

211 3304 292 3376 Quid
313 3320 384 3364 eruo
402 3305 531 3372 mirum,
551 3305 574 3360 sl
597 3306 742 3360 stlocum
758 3301 869 3373 Philip.
888 3301 927 3357 ΙΙ.
947 3301 982 3355 ad
1002 3300 1184 3358 divinitatem

141 3397 302 3464 torserint,
323 3397 374 3467 qui
394 3401 490 3468 aptius
511 3399 546 3454 de
566 3397 750 3454 humanitate
769 3406 875 3458 sonat,
896 3397 920 3452 si
937 3395 1028 3449 verba
1047 3398 1186 3451 conside.

141 3491 211 3546 res?
229 3489 300 3544 Non
328 3505 400 3559 ergo
421 3492 513 3545 credo
534 3508 585 3546 me
604 3507 746 3564 peccare,
776 3491 800 3546 si
821 3490 963 3546 Patribus
982 3490 1125 3545 dissentio
1154 3492 1183 3546 in

142 3584 241 3656 aliquo
258 3595 343 3638 textu
359 3583 549 3640 obscuriore.
579 3576 659 3660 Quid
673 3602 747 3640 vero
762 3600 817 3639 vos
832 3584 939 3651 facitis,
958 3584 1070 3638 omisso
1084 3594 1183 3653 textu,

140 3688 256 3734 tautum
271 3678 300 3732 in
315 3678 403 3732 dictis
417 3677 542 3736 Patrum
556 3687 728 3744 versantes,
745 3679 801 3734 uisi
820 3679 899 3748 quud
917 3676 1005 3732 dubia
1023 3686 1053 3732 et
1071 3679 1183 3732 incerta

141 3773 331 3846 relinquitis?
370 3773 405 3829 ln
439 3786 497 3843 qua
529 3787 563 3826 re
593 3770 743 3839 Magister
777 3773 990 3828 sententiarum
1022 3772 1184 3843 pessimum

142 3868 314 3941 exemplum
337 3867 475 3940 reliquit,
504 3865 603 3922 omnia
623 3859 756 3922 omnium
773 3868 851 3922 diota
871 3870 1059 3923 concordare
1075 3868 1183 3924 nitens.

141 3960 191 4018 Ex
205 3963 313 4034 quibus
327 3961 377 4032 fit,
395 3973 428 4018 ut
445 3964 550 4018 contra
562 3949 724 4019 hereticos
738 3962 835 4018 dubiis
850 3961 1048 4037 obscurisque
1066 3971 1184 4020 senten.

143 4056 193 4112 tiis
211 4059 335 4125 armati,
360 4057 523 4121 ludibrium
539 4057 653 4117 liamus.
