2574 4732
558 332 648 403 1519.
1070 334 1132 401 ³25
1171 299 1195 307 Ἀ

136 488 188 540 died
205 485 384 535 durii-aber
400 484 469 535 lla
489 487 547 540 sat
564 489 624 538 cod.
642 488 695 540 Jen.
711 501 732 534 a.
752 485 771 533 i.
789 485 827 534 5⁷.
855 486 954 540 sudu
968 487 1008 539 bra
1028 486 1132 539 wald

83 575 153 622 xxi.
170 576 221 622 ⁶38.
239 575 287 620 unt
305 572 369 626 idea
390 572 475 626 taeter
497 573 535 622 alt
559 573 672 627 aratsdrr
694 574 769 627 metes·
792 573 836 621 aut
861 575 1007 624 metiret
1033 576 1132 627 &scats

82 662 174 708 abian
188 663 232 710 lv.
248 663 296 710 193.
312 661 385 714 teins.
402 661 529 712 &uestras
544 660 581 707 294
593 661 696 714 russas.
710 660 732 708 5.

83 816 145 872 asso
162 814 344 873 &rarissimo
364 815 499 890 Georplo
517 814 700 883 spalatino,
720 811 836 871 Christi
851 829 954 882 srrvo,
977 820 1006 874 ea
1022 776 1131 876 saio.

149 909 214 965 doti
227 909 396 980 pincipalt,
414 908 543 966 librario
560 907 643 966 etad
659 907 803 979 auribus,
822 909 856 964 in
875 906 1006 965 Christo.
1024 906 1062 976 ²)

519 1073 695 1132 Jesus.

81 1200 234 1295 Salutem.
268 1238 315 1294 Ad
335 1247 365 1294 te
385 1239 558 1309 pervenisse
581 1227 695 1310 spero,
725 1237 773 1293 vel
801 1246 982 1310 perventura
1009 1238 1124 1307 statim,

82 1333 123 1387 mi
140 1331 305 1403 Spalstiae,
334 1348 519 1403 quascunque
536 1333 643 1405 scripsi
663 1334 699 1390 ad
718 1340 765 1399 te,
792 1333 859 1387 data
880 1334 959 1388 enim
985 1341 1055 1387 sunt
1077 1332 1130 1386 de.

82 1426 212 1481 ductori.
250 1425 301 1480 De
332 1426 511 1481 instituenda
545 1426 692 1498 passionis
715 1426 924 1493 meditatione,
952 1425 1026 1480 nihil
1052 1427 1127 1481 mihi

82 1520 157 1574 adeo
183 1518 344 1574 molestum
371 1528 439 1581 est,
467 1535 557 1590 quem
578 1521 659 1590 quod
684 1521 819 1588 videam,
844 1523 1032 1576 ceremonias
1054 1517 1127 1576 ist'es

80 1611 208 1668 reddere
229 1613 329 1668 solere
349 1612 426 1667 mire
448 1614 558 1679 duros,
576 1614 694 1680 aridos,
713 1612 845 1667 difficiles
861 1622 889 1667 et
901 1613 987 1684 plane
1008 1615 1127 1683 ineptos

51 1770 53 1775 s
81 1707 110 1761 in
135 1723 258 1762 omnem
281 1723 347 1762 rem
370 1715 401 1761 et
423 1707 551 1761 affectus
574 1706 734 1777 spiritualis
758 1707 906 1774 vigorem.
946 1705 1028 1761 Freti
1047 1706 1127 1760 enirn

81 1801 161 1873 qnod
178 1801 303 1855 multum
319 1799 485 1854 verborum
504 1800 755 1867 emurmurarint,
773 1808 804 1853 et
819 1798 911 1854 horas
935 1799 1125 1870 occuparint,

80 1904 153 1951 eunt
170 1896 290 1961 securi,
320 1909 393 1949 raro
409 1894 600 1963 compuncti,
627 1892 724 1947 rarius
743 1892 874 1958 fervidi,
901 1892 1052 1947 rarissime
1079 1892 1125 1948 sui

80 1997 311 2055 cognoscentes.
345 1985 387 2042 Et
398 1994 433 2041 ut
453 1986 505 2041 tibi
528 2003 567 2043 ex
583 1987 677 2041 corde
693 1986 808 2048 dicam,
828 1986 1021 2042 institutionis
1039 1986 1126 2042 istius

78 2095 198 2135 merces
224 2088 254 2134 et
280 2080 428 2135 mercedis
451 2079 516 2135 finis
541 2080 634 2149 inagis
653 2079 726 2135 mihi
749 2080 865 2150 placet,
892 2094 981 2151 quam
1003 2081 1064 2152 ipsa
1082 2082 1128 2136 in.

78 2175 217 2242 stitutio,
244 2175 325 2245 quod
346 2174 440 2230 sacris
464 2174 559 2231 literis
580 2191 704 2245 operam
723 2174 820 2229 daturi
845 2174 956 2230 merito
976 2191 992 2228 a
1015 2175 1124 2244 quovis

72 2270 218 2339 juventur
230 2309 240 2338 ,
266 2285 336 2325 cum
354 2269 393 2326 sit
414 2285 472 2324 une
495 2286 562 2338 res,
588 2285 654 2340 quaa
667 2268 846 2329 'Ecclesiam
868 2268 917 2324 vel
942 2269 1053 2324 exaltet
1075 2268 1130 2333 uel¹
1210 2298 1214 2319 ι

77 2363 242 2434 deprimat,
277 2377 432 2419 sacrarum
465 2363 619 2419 literarum
657 2363 705 2419 vel
741 2363 849 2419 notitia
883 2362 931 2417 vel
962 2348 1128 2435 imperitia,

76 2456 209 2512 Proinde
234 2457 259 2514 si
284 2457 383 2529 placet
408 2457 466 2524 <nt
492 2457 646 2528 scribis),
681 2468 715 2512 ut
743 2455 993 2511 hebdomadatim
1018 2456 1123 2527 paucis

78 2549 183 2605 diebus
203 2559 291 2620 utque
312 2551 359 2606 his
384 2567 445 2605 nan
468 2553 557 2619 totis,
576 2552 630 2606 sed
652 2551 800 2622 aliquibus
819 2550 932 2604 diurnis
950 2560 979 2602 et
999 2560 1125 2602 noctur.

77 2644 124 2696 nis
141 2641 210 2708 liat,
234 2642 332 2710 placet
354 2652 385 2696 et
408 2643 501 2704 mihi,
528 2645 621 2698 modo
648 2661 709 2715 qno
734 2644 848 2716 poteris
874 2640 1066 2712 paucioribus
1093 2649 1124 2695 et
1210 2693 1211 2696 ,

78 2733 184 2789 diebus
205 2745 236 2788 et
259 2733 345 2788 horis
372 2737 512 2804 acceptis.
548 2736 633 2791 Nihil
654 2738 733 2791 enim
756 2750 839 2807 saque
863 2733 1055 2787 metuendum
1077 2739 1125 2787 est

78 2829 107 2883 in
135 2826 316 2881 ceremoniis
343 2827 523 2894 statuendis,
548 2843 637 2896 quam
662 2846 700 2882 ne
730 2829 788 2898 (ut
808 2828 973 2897 Apostolus
998 2821 1122 2892 monet)

77 2921 201 2992 spiritus
228 2920 439 2988 extinguetur,
464 2920 631 2992 meliusque
659 2922 736 2984 erit,
767 2933 801 2975 ut
828 2919 1012 2990 interpolatis
1036 2920 1136 2975 horis·

77 3030 171 3085 pauca
197 3013 320 3081 singulis
343 3024 558 3084 agant,qua1n
580 3013 605 3068 si
624 3031 685 3070 uno
705 3023 811 3069 tenore
833 3015 931 3068 omnia
953 3005 1122 3071 absolvantz

76 3110 128 3164 hio
143 3109 222 3162 enim
238 3108 369 3175 taediosi,
389 3108 449 3162 illic
468 3108 590 3164 allacres
605 3119 714 3176 erunt,
730 3119 875 3181 quantum
891 3108 960 3163 sinit
976 3107 1122 3164 diabulus·

151 3203 208 3256 Sed
232 3217 287 3273 pro
313 3202 434 3272 psalmis
460 3219 537 3273 quos
563 3203 813 3275 apprehendent?
844 3202 911 3258 illos
943 3203 1041 3269 sorte,
1072 3203 1122 3274 qui

77 3297 208 3349 maxime
232 3295 426 3352 Dominicam
452 3312 612 3367 personam
639 3297 669 3352 in
694 3296 833 3368 passione
860 3297 1017 3364 referunt,
1045 3313 1122 3368 quos

79 3389 162 3458 seligi
184 3399 342 3460 oporteat,
366 3399 397 3443 et
421 3390 450 3443 in
468 3391 533 3445 dies
552 3399 583 3444 et
600 3391 691 3447 horas
710 3389 847 3446 distribui
865 3407 935 3447 cnm
960 3407 1123 3463 responso.

77 3483 147 3550 riis,
172 3482 329 3539 versiculis
345 3480 383 3537 'et
403 3484 561 3553 collectis,
586 3464 665 3541 sicut
688 3495 734 3540 est
754 3484 859 3552 moris.
904 3483 944 3540 Et
959 3486 1063 3548 nescio
1084 3503 1121 3541 an

77 3591 138 3630 non
156 3576 195 3630 sit
212 3576 468 3646 pulcherrimum,
497 3577 578 3649 quod
595 3577 756 3649 cujuslibet
777 3576 920 3648 passionis
936 3579 1014 3633 hora
1033 3581 1122 3635 adds.

77 3678 144 3737 tur,
175 3686 244 3724 cum
268 3686 414 3741 expresso
439 3672 573 3741 ejusdem
599 3673 683 3729 horas
710 3688 820 3742 genera
844 3675 1012 3744 passionis,
1042 3674 1121 3727 sicut

78 3761 170 3817 babet
202 3764 353 3818 canticum
386 3765 479 3821 illud:
527 3764 627 3823 Patris
656 3767 818 3838 sapientia,
856 3768 967 3824 veritas
1004 3766 1119 3832 divina,

131 4055 160 4100 al
189 4051 430 4108 madenam.
