<?xml version="1.0" encoding="UTF-8"?>
<!DOCTYPE html PUBLIC "-//W3C//DTD XHTML 1.0 Transitional//EN"
    "http://www.w3.org/TR/xhtml1/DTD/xhtml1-transitional.dtd">
<html xmlns="http://www.w3.org/1999/xhtml" xml:lang="en" lang="en">
 <head>
  <title>
</title>
<meta http-equiv="Content-Type" content="text/html;charset=utf-8" />
  <meta name='ocr-system' content='tesseract 3.04.00' />
  <meta name='ocr-capabilities' content='ocr_page ocr_carea ocr_par ocr_line ocrx_word'/>
</head>
<body>
  <div class='ocr_page' id='page_1' title='image "./briefesendschre04luthgoog/briefesendschre04luthgoog_0459.png"; bbox 0 0 2574 4732; ppageno 0'>
   <div class='ocr_carea' id='block_1_1' title="bbox 134 280 734 402">
    <p class='ocr_par' dir='ltr' id='par_1_1' title="bbox 134 280 734 402">
     <span class='ocr_line' id='line_1_1' title="bbox 134 280 734 402; baseline -0.002 -12"><span class='ocrx_word' id='word_1_1' title='bbox 134 280 236 402; x_wconf 31' lang='lat' dir='ltr'>&#39;&#39;vtm‘</span> <span class='ocrx_word' id='word_1_2' title='bbox 465 390 467 394; x_wconf 12' lang='grc' dir='ltr'><em>Α</em></span> <span class='ocrx_word' id='word_1_3' title='bbox 643 321 734 389; x_wconf 81' lang='lat' dir='ltr'>esse</span> 
     </span>
    </p>
   </div>
   <div class='ocr_carea' id='block_1_2' title="bbox 71 480 1260 3926">
    <p class='ocr_par' dir='ltr' id='par_1_2' title="bbox 155 480 1222 1303">
     <span class='ocr_line' id='line_1_2' title="bbox 165 480 1222 551; baseline -0.004 -3"><span class='ocrx_word' id='word_1_4' title='bbox 165 484 299 548; x_wconf 77' lang='lat' dir='ltr'>Ductori</span> <span class='ocrx_word' id='word_1_5' title='bbox 323 482 418 538; x_wconf 84' lang='lat' dir='ltr'>Calvo</span> <span class='ocrx_word' id='word_1_6' title='bbox 443 480 591 551; x_wconf 85' lang='lat' dir='ltr'>scriptum</span> <span class='ocrx_word' id='word_1_7' title='bbox 607 487 673 539; x_wconf 79' lang='lat' dir='ltr'>este</span> <span class='ocrx_word' id='word_1_8' title='bbox 699 480 1033 540; x_wconf 67' lang='lat' dir='ltr'>hodiessconveniemns</span> <span class='ocrx_word' id='word_1_9' title='bbox 1061 488 1159 542; x_wconf 85' lang='lat' dir='ltr'>acturi</span> <span class='ocrx_word' id='word_1_10' title='bbox 1184 495 1222 544; x_wconf 87' lang='lat' dir='ltr'>et</span> 
     </span>
     <span class='ocr_line' id='line_1_3' title="bbox 158 575 1219 654; baseline 0.006 -25"><span class='ocrx_word' id='word_1_11' title='bbox 158 578 355 654; x_wconf 67' lang='lat' dir='ltr'>responsuri.</span> <span class='ocrx_word' id='word_1_12' title='bbox 390 576 463 631; x_wconf 83' lang='lat' dir='ltr'>Heri</span> <span class='ocrx_word' id='word_1_13' title='bbox 482 591 522 630; x_wconf 84' lang='lat' dir='ltr'>ex</span> <span class='ocrx_word' id='word_1_14' title='bbox 543 575 585 632; x_wconf 88' lang='lat' dir='ltr'>D.</span> <span class='ocrx_word' id='word_1_15' title='bbox 611 575 752 632; x_wconf 81' lang='lat' dir='ltr'>Conrado</span> <span class='ocrx_word' id='word_1_16' title='bbox 774 576 879 646; x_wconf 84' lang='lat' dir='ltr'>Rege,</span> <span class='ocrx_word' id='word_1_17' title='bbox 903 593 1015 647; x_wconf 80' lang='lat' dir='ltr'>genero</span> <span class='ocrx_word' id='word_1_18' title='bbox 1042 577 1083 634; x_wconf 92' lang='lat' dir='ltr'>D.</span> <span class='ocrx_word' id='word_1_19' title='bbox 1109 580 1219 635; x_wconf 82' lang='lat' dir='ltr'>Wolf.</span> 
     </span>
     <span class='ocr_line' id='line_1_4' title="bbox 155 666 1217 748; baseline 0.006 -24"><span class='ocrx_word' id='word_1_20' title='bbox 155 675 269 748; x_wconf 65' lang='lat' dir='ltr'>¹pangi,</span> <span class='ocrx_word' id='word_1_21' title='bbox 293 670 367 738; x_wconf 85' lang='lat' dir='ltr'>mibi</span> <span class='ocrx_word' id='word_1_22' title='bbox 380 671 496 726; x_wconf 88' lang='lat' dir='ltr'>nuntiat</span> <span class='ocrx_word' id='word_1_23' title='bbox 514 668 686 726; x_wconf 69' lang='lat' dir='ltr'>Mattheus.</span> <span class='ocrx_word' id='word_1_24' title='bbox 695 669 860 740; x_wconf 81' lang='lat' dir='ltr'>Adrianus,</span> <span class='ocrx_word' id='word_1_25' title='bbox 882 680 917 726; x_wconf 91' lang='lat' dir='ltr'>ut</span> <span class='ocrx_word' id='word_1_26' title='bbox 935 666 1151 743; x_wconf 80' lang='lat' dir='ltr'>responderem</span> <span class='ocrx_word' id='word_1_27' title='bbox 1168 675 1217 730; x_wconf 85' lang='lat' dir='ltr'>ei:</span> 
     </span>
     <span class='ocr_line' id='line_1_5' title="bbox 163 763 1215 842; baseline 0.003 -20"><span class='ocrx_word' id='word_1_28' title='bbox 163 779 239 842; x_wconf 88' lang='lat' dir='ltr'>puto</span> <span class='ocrx_word' id='word_1_29' title='bbox 259 776 379 835; x_wconf 81' lang='lat' dir='ltr'>eutem,</span> <span class='ocrx_word' id='word_1_30' title='bbox 403 780 453 819; x_wconf 90' lang='lat' dir='ltr'>me</span> <span class='ocrx_word' id='word_1_31' title='bbox 472 763 498 819; x_wconf 90' lang='lat' dir='ltr'>ei</span> <span class='ocrx_word' id='word_1_32' title='bbox 518 763 727 834; x_wconf 87' lang='lat' dir='ltr'>respondisse,</span> <span class='ocrx_word' id='word_1_33' title='bbox 753 781 788 819; x_wconf 90' lang='lat' dir='ltr'>ac</span> <span class='ocrx_word' id='word_1_34' title='bbox 806 764 907 820; x_wconf 77' lang='lat' dir='ltr'>literas</span> <span class='ocrx_word' id='word_1_35' title='bbox 931 766 1112 836; x_wconf 86' lang='lat' dir='ltr'>interceptas</span> <span class='ocrx_word' id='word_1_36' title='bbox 1131 783 1215 826; x_wconf 85' lang='lat' dir='ltr'>esse.</span> 
     </span>
     <span class='ocr_line' id='line_1_6' title="bbox 155 856 1220 928; baseline -0.002 -10"><span class='ocrx_word' id='word_1_37' title='bbox 155 861 303 918; x_wconf 61' lang='lat' dir='ltr'>.Contulit</span> <span class='ocrx_word' id='word_1_38' title='bbox 326 860 405 915; x_wconf 89' lang='lat' dir='ltr'>idem</span> <span class='ocrx_word' id='word_1_39' title='bbox 423 872 560 918; x_wconf 76' lang='lat' dir='ltr'>meeum.</span> <span class='ocrx_word' id='word_1_40' title='bbox 585 865 696 928; x_wconf 85' lang='lat' dir='ltr'>quanto</span> <span class='ocrx_word' id='word_1_41' title='bbox 720 856 867 928; x_wconf 86' lang='lat' dir='ltr'>stipendio</span> <span class='ocrx_word' id='word_1_42' title='bbox 891 859 1068 914; x_wconf 81' lang='lat' dir='ltr'>crederetur</span> <span class='ocrx_word' id='word_1_43' title='bbox 1084 870 1220 917; x_wconf 91' lang='lat' dir='ltr'>conten.</span> 
     </span>
     <span class='ocr_line' id='line_1_7' title="bbox 156 948 1215 1021; baseline -0.004 -7"><span class='ocrx_word' id='word_1_44' title='bbox 156 966 215 1014; x_wconf 88' lang='lat' dir='ltr'>-tus</span> <span class='ocrx_word' id='word_1_45' title='bbox 237 955 321 1019; x_wconf 82' lang='lat' dir='ltr'>fore,</span> <span class='ocrx_word' id='word_1_46' title='bbox 344 960 379 1007; x_wconf 92' lang='lat' dir='ltr'>ut</span> <span class='ocrx_word' id='word_1_47' title='bbox 394 951 446 1006; x_wconf 91' lang='lat' dir='ltr'>hic</span> <span class='ocrx_word' id='word_1_48' title='bbox 465 949 591 1004; x_wconf 75' lang='lat' dir='ltr'>llebrea</span> <span class='ocrx_word' id='word_1_49' title='bbox 610 948 814 1021; x_wconf 78' lang='lat' dir='ltr'>profiteretur.</span> <span class='ocrx_word' id='word_1_50' title='bbox 855 950 1069 1008; x_wconf 83' lang='lat' dir='ltr'>Arbitrabatur</span> <span class='ocrx_word' id='word_1_51' title='bbox 1085 953 1135 1008; x_wconf 92' lang='lat' dir='ltr'>ille</span> <span class='ocrx_word' id='word_1_52' title='bbox 1146 991 1159 1021; x_wconf 87' lang='lat'><strong>,</strong></span> <span class='ocrx_word' id='word_1_53' title='bbox 1187 955 1215 1010; x_wconf 85' lang='lat' dir='ltr'>si</span> 
     </span>
     <span class='ocr_line' id='line_1_8' title="bbox 158 1043 1216 1112; baseline -0.002 -6"><span class='ocrx_word' id='word_1_54' title='bbox 158 1058 288 1106; x_wconf 80' lang='lat' dir='ltr'>centum</span> <span class='ocrx_word' id='word_1_55' title='bbox 306 1053 358 1102; x_wconf 88' lang='lat' dir='ltr'>aut</span> <span class='ocrx_word' id='word_1_56' title='bbox 375 1043 545 1112; x_wconf 78' lang='lat' dir='ltr'>monsginta</span> <span class='ocrx_word' id='word_1_57' title='bbox 564 1057 673 1098; x_wconf 85' lang='lat' dir='ltr'>aureos</span> <span class='ocrx_word' id='word_1_58' title='bbox 691 1043 835 1112; x_wconf 82' lang='lat' dir='ltr'>baberet,</span> <span class='ocrx_word' id='word_1_59' title='bbox 846 1053 1007 1102; x_wconf 86' lang='lat' dir='ltr'>moturum</span> <span class='ocrx_word' id='word_1_60' title='bbox 1024 1047 1109 1102; x_wconf 85' lang='lat' dir='ltr'>illurn</span> <span class='ocrx_word' id='word_1_61' title='bbox 1126 1047 1216 1104; x_wconf 86' lang='lat' dir='ltr'>illine</span> 
     </span>
     <span class='ocr_line' id='line_1_9' title="bbox 165 1135 1218 1211; baseline -0.001 -12"><span class='ocrx_word' id='word_1_62' title='bbox 165 1143 202 1199; x_wconf 81' lang='lat' dir='ltr'>ed</span> <span class='ocrx_word' id='word_1_63' title='bbox 223 1158 297 1197; x_wconf 86' lang='lat' dir='ltr'>nos:</span> <span class='ocrx_word' id='word_1_64' title='bbox 315 1141 346 1196; x_wconf 86' lang='lat' dir='ltr'>id</span> <span class='ocrx_word' id='word_1_65' title='bbox 363 1139 444 1211; x_wconf 86' lang='lat' dir='ltr'>quod</span> <span class='ocrx_word' id='word_1_66' title='bbox 459 1136 523 1208; x_wconf 90' lang='lat' dir='ltr'>jam</span> <span class='ocrx_word' id='word_1_67' title='bbox 545 1137 607 1191; x_wconf 80' lang='lat' dir='ltr'>eliis</span> <span class='ocrx_word' id='word_1_68' title='bbox 630 1135 724 1192; x_wconf 88' lang='lat' dir='ltr'>literis</span> <span class='ocrx_word' id='word_1_69' title='bbox 747 1152 786 1193; x_wconf 81' lang='lat' dir='ltr'>ex</span> <span class='ocrx_word' id='word_1_70' title='bbox 806 1154 844 1194; x_wconf 88' lang='lat' dir='ltr'>eo</span> <span class='ocrx_word' id='word_1_71' title='bbox 870 1139 1062 1196; x_wconf 86' lang='lat' dir='ltr'>sciscitabor.</span> <span class='ocrx_word' id='word_1_72' title='bbox 1095 1140 1147 1196; x_wconf 88' lang='lat' dir='ltr'>Tu</span> <span class='ocrx_word' id='word_1_73' title='bbox 1168 1142 1218 1198; x_wconf 90' lang='lat' dir='ltr'>in.</span> 
     </span>
     <span class='ocr_line' id='line_1_10' title="bbox 165 1230 863 1303; baseline -0.006 -12"><span class='ocrx_word' id='word_1_74' title='bbox 165 1236 254 1291; x_wconf 90' lang='lat' dir='ltr'>terim</span> <span class='ocrx_word' id='word_1_75' title='bbox 277 1232 428 1303; x_wconf 78' lang='lat' dir='ltr'>responde</span> <span class='ocrx_word' id='word_1_76' title='bbox 451 1238 537 1285; x_wconf 92' lang='lat' dir='ltr'>tuum</span> <span class='ocrx_word' id='word_1_77' title='bbox 559 1243 679 1284; x_wconf 87' lang='lat' dir='ltr'>sensnm</span> <span class='ocrx_word' id='word_1_78' title='bbox 698 1230 747 1284; x_wconf 89' lang='lat' dir='ltr'>vel</span> <span class='ocrx_word' id='word_1_79' title='bbox 769 1247 863 1303; x_wconf 89' lang='lat' dir='ltr'>spem.</span> 
     </span>
    </p>

    <p class='ocr_par' dir='ltr' id='par_1_3' title="bbox 71 1322 1260 2420">
     <span class='ocr_line' id='line_1_11' title="bbox 232 1322 1260 1398; baseline 0.001 -16"><span class='ocrx_word' id='word_1_80' title='bbox 232 1325 337 1398; x_wconf 81' lang='lat' dir='ltr'>Habeo</span> <span class='ocrx_word' id='word_1_81' title='bbox 362 1325 392 1379; x_wconf 93' lang='lat' dir='ltr'>in</span> <span class='ocrx_word' id='word_1_82' title='bbox 412 1322 565 1391; x_wconf 86' lang='lat' dir='ltr'>manibus,</span> <span class='ocrx_word' id='word_1_83' title='bbox 592 1322 690 1378; x_wconf 86' lang='lat' dir='ltr'>efficio</span> <span class='ocrx_word' id='word_1_84' title='bbox 711 1322 866 1380; x_wconf 91' lang='lat' dir='ltr'>Dominici</span> <span class='ocrx_word' id='word_1_85' title='bbox 889 1325 1092 1398; x_wconf 89' lang='lat' dir='ltr'>Schlenpner,</span> <span class='ocrx_word' id='word_1_86' title='bbox 1118 1328 1216 1383; x_wconf 76' lang='lat' dir='ltr'>done.</span> <span class='ocrx_word' id='word_1_87' title='bbox 1252 1349 1260 1357; x_wconf 92' lang='lat'><em>·</em></span> 
     </span>
     <span class='ocr_line' id='line_1_12' title="bbox 165 1414 1216 1493; baseline -0.001 -15"><span class='ocrx_word' id='word_1_88' title='bbox 165 1422 279 1479; x_wconf 87' lang='lat' dir='ltr'>tionem</span> <span class='ocrx_word' id='word_1_89' title='bbox 308 1416 495 1474; x_wconf 78' lang='lat' dir='ltr'><strong>Constantini</strong></span> <span class='ocrx_word' id='word_1_90' title='bbox 522 1431 538 1469; x_wconf 80' lang='lat' dir='ltr'>a</span> <span class='ocrx_word' id='word_1_91' title='bbox 573 1414 736 1473; x_wconf 88' lang='lat' dir='ltr'>Laurentio</span> <span class='ocrx_word' id='word_1_92' title='bbox 758 1417 887 1474; x_wconf 88' lang='lat' dir='ltr'>Vallensi</span> <span class='ocrx_word' id='word_1_93' title='bbox 919 1421 1125 1488; x_wconf 82' lang='lat' dir='ltr'><strong>confutatam,</strong></span> <span class='ocrx_word' id='word_1_94' title='bbox 1157 1439 1216 1493; x_wconf 87' lang='lat' dir='ltr'>per</span> 
     </span>
     <span class='ocr_line' id='line_1_13' title="bbox 123 1507 1216 1583; baseline -0.002 -13"><span class='ocrx_word' id='word_1_95' title='bbox 123 1513 140 1523; x_wconf 77' lang='lat'><strong><em>&#39;</em></strong></span> <span class='ocrx_word' id='word_1_96' title='bbox 164 1515 330 1570; x_wconf 87' lang='lat' dir='ltr'>Huttenum</span> <span class='ocrx_word' id='word_1_97' title='bbox 344 1512 466 1567; x_wconf 88' lang='lat' dir='ltr'>editam.</span> <span class='ocrx_word' id='word_1_98' title='bbox 500 1507 587 1565; x_wconf 90' lang='lat' dir='ltr'>Deus</span> <span class='ocrx_word' id='word_1_99' title='bbox 605 1509 707 1580; x_wconf 91' lang='lat' dir='ltr'>bone,</span> <span class='ocrx_word' id='word_1_100' title='bbox 724 1521 840 1582; x_wconf 81' lang='lat' dir='ltr'>quantae</span> <span class='ocrx_word' id='word_1_101' title='bbox 860 1529 913 1567; x_wconf 87' lang='lat' dir='ltr'>seu</span> <span class='ocrx_word' id='word_1_102' title='bbox 935 1513 1065 1583; x_wconf 77' lang='lat' dir='ltr'>tenebrpe</span> <span class='ocrx_word' id='word_1_103' title='bbox 1085 1530 1138 1568; x_wconf 85' lang='lat' dir='ltr'>seu</span> <span class='ocrx_word' id='word_1_104' title='bbox 1159 1532 1216 1569; x_wconf 85' lang='lat' dir='ltr'>ne.</span> 
     </span>
     <span class='ocr_line' id='line_1_14' title="bbox 166 1604 1217 1684; baseline 0.001 -20"><span class='ocrx_word' id='word_1_105' title='bbox 166 1608 267 1682; x_wconf 67' lang='lat' dir='ltr'>quitis</span> <span class='ocrx_word' id='word_1_106' title='bbox 282 1604 536 1662; x_wconf 85' lang='lat' dir='ltr'>Romanensiutn:</span> <span class='ocrx_word' id='word_1_107' title='bbox 563 1611 610 1684; x_wconf 78' lang='lat' dir='ltr'>et,</span> <span class='ocrx_word' id='word_1_108' title='bbox 635 1605 717 1676; x_wconf 88' lang='lat' dir='ltr'>quod</span> <span class='ocrx_word' id='word_1_109' title='bbox 738 1605 768 1660; x_wconf 92' lang='lat' dir='ltr'>in</span> <span class='ocrx_word' id='word_1_110' title='bbox 789 1604 849 1661; x_wconf 90' lang='lat' dir='ltr'>Dei</span> <span class='ocrx_word' id='word_1_111' title='bbox 865 1606 980 1676; x_wconf 90' lang='lat' dir='ltr'>judicio</span> <span class='ocrx_word' id='word_1_112' title='bbox 1001 1608 1136 1678; x_wconf 86' lang='lat' dir='ltr'>mireris,</span> <span class='ocrx_word' id='word_1_113' title='bbox 1156 1626 1217 1682; x_wconf 86' lang='lat' dir='ltr'>pet·</span> 
     </span>
     <span class='ocr_line' id='line_1_15' title="bbox 165 1699 1215 1772; baseline 0 -13"><span class='ocrx_word' id='word_1_114' title='bbox 165 1710 213 1759; x_wconf 87' lang='lat' dir='ltr'>tot</span> <span class='ocrx_word' id='word_1_115' title='bbox 235 1700 343 1757; x_wconf 81' lang='lat' dir='ltr'>sncnle</span> <span class='ocrx_word' id='word_1_116' title='bbox 365 1716 427 1756; x_wconf 92' lang='lat' dir='ltr'>non</span> <span class='ocrx_word' id='word_1_117' title='bbox 443 1699 543 1759; x_wconf 85' lang='lat' dir='ltr'>modo</span> <span class='ocrx_word' id='word_1_118' title='bbox 571 1700 715 1768; x_wconf 88' lang='lat' dir='ltr'>durasse,</span> <span class='ocrx_word' id='word_1_119' title='bbox 739 1700 792 1755; x_wconf 90' lang='lat' dir='ltr'>sed</span> <span class='ocrx_word' id='word_1_120' title='bbox 819 1700 908 1765; x_wconf 85' lang='lat' dir='ltr'>etiam</span> <span class='ocrx_word' id='word_1_121' title='bbox 934 1702 1142 1772; x_wconf 85' lang='lat' dir='ltr'>praevaluisse,</span> <span class='ocrx_word' id='word_1_122' title='bbox 1176 1721 1215 1759; x_wconf 91' lang='lat' dir='ltr'>ae</span> 
     </span>
     <span class='ocr_line' id='line_1_16' title="bbox 165 1786 1213 1868; baseline -0.001 -14"><span class='ocrx_word' id='word_1_123' title='bbox 165 1792 246 1854; x_wconf 80' lang='lat' dir='ltr'>inte&#39;r</span> <span class='ocrx_word' id='word_1_124' title='bbox 272 1793 438 1852; x_wconf 73' lang='lat' dir='ltr'>decretales</span> <span class='ocrx_word' id='word_1_125' title='bbox 461 1794 553 1849; x_wconf 88' lang='lat' dir='ltr'>relata</span> <span class='ocrx_word' id='word_1_126' title='bbox 579 1808 646 1850; x_wconf 90' lang='lat' dir='ltr'>esse</span> <span class='ocrx_word' id='word_1_127' title='bbox 671 1801 733 1849; x_wconf 90' lang='lat' dir='ltr'>tam</span> <span class='ocrx_word' id='word_1_128' title='bbox 760 1786 893 1868; x_wconf 78' lang='lat' dir='ltr'>impura,</span> <span class='ocrx_word' id='word_1_129' title='bbox 919 1804 978 1850; x_wconf 88' lang='lat' dir='ltr'>tam</span> <span class='ocrx_word' id='word_1_130' title='bbox 1002 1811 1118 1862; x_wconf 89' lang='lat' dir='ltr'>crassa,</span> <span class='ocrx_word' id='word_1_131' title='bbox 1144 1805 1213 1853; x_wconf 84' lang='lat' dir='ltr'>tarn</span> 
     </span>
     <span class='ocr_line' id='line_1_17' title="bbox 165 1884 1214 1962; baseline 0 -16"><span class='ocrx_word' id='word_1_132' title='bbox 165 1889 349 1962; x_wconf 88' lang='lat' dir='ltr'>impudentia</span> <span class='ocrx_word' id='word_1_133' title='bbox 366 1887 540 1957; x_wconf 77' lang='lat' dir='ltr'>mendacis,</span> <span class='ocrx_word' id='word_1_134' title='bbox 559 1886 735 1960; x_wconf 89' lang='lat' dir='ltr'>inque·lidei</span> <span class='ocrx_word' id='word_1_135' title='bbox 756 1887 952 1952; x_wconf 86' lang='lat' dir='ltr'>articulorum</span> <span class='ocrx_word' id='word_1_136' title='bbox 971 1884 1100 1961; x_wconf 81' lang='lat' dir='ltr'>(nequid</span> <span class='ocrx_word' id='word_1_137' title='bbox 1121 1905 1214 1946; x_wconf 90' lang='lat' dir='ltr'>mon.</span> 
     </span>
     <span class='ocr_line' id='line_1_18' title="bbox 71 1974 1216 2052; baseline -0.003 -11"><span class='ocrx_word' id='word_1_138' title='bbox 71 1990 82 1995; x_wconf 83' lang='grc'><strong>”</strong></span> <span class='ocrx_word' id='word_1_139' title='bbox 165 1974 341 2040; x_wconf 80' lang='lat' dir='ltr'>st‘resissimi</span> <span class='ocrx_word' id='word_1_140' title='bbox 365 1981 492 2038; x_wconf 88' lang='lat' dir='ltr'>monstri</span> <span class='ocrx_word' id='word_1_141' title='bbox 521 1981 621 2048; x_wconf 90' lang='lat' dir='ltr'>desit)</span> <span class='ocrx_word' id='word_1_142' title='bbox 647 1983 746 2037; x_wconf 89' lang='lat' dir='ltr'>vicem</span> <span class='ocrx_word' id='word_1_143' title='bbox 773 1982 965 2037; x_wconf 72' lang='lat' dir='ltr'>successisse.</span> <span class='ocrx_word' id='word_1_144' title='bbox 1006 1981 1073 2052; x_wconf 83' lang='lat' dir='ltr'>Ego</span> <span class='ocrx_word' id='word_1_145' title='bbox 1094 1982 1137 2037; x_wconf 89' lang='lat' dir='ltr'>sie</span> <span class='ocrx_word' id='word_1_146' title='bbox 1159 1999 1216 2038; x_wconf 88' lang='lat' dir='ltr'>an.</span> 
     </span>
     <span class='ocr_line' id='line_1_19' title="bbox 111 2055 1217 2147; baseline 0.002 -15"><span class='ocrx_word' id='word_1_147' title='bbox 111 2055 119 2077; x_wconf 67' lang='lat'><strong><em>¹</em></strong></span> <span class='ocrx_word' id='word_1_148' title='bbox 156 2060 240 2147; x_wconf 73' lang='lat' dir='ltr'>¹gor,</span> <span class='ocrx_word' id='word_1_149' title='bbox 264 2083 298 2130; x_wconf 86' lang='lat' dir='ltr'>ut</span> <span class='ocrx_word' id='word_1_150' title='bbox 314 2064 411 2147; x_wconf 82' lang='lat' dir='ltr'>¹prope</span> <span class='ocrx_word' id='word_1_151' title='bbox 437 2090 499 2129; x_wconf 91' lang='lat' dir='ltr'>non</span> <span class='ocrx_word' id='word_1_152' title='bbox 526 2072 660 2129; x_wconf 88' lang='lat' dir='ltr'>dubitem</span> <span class='ocrx_word' id='word_1_153' title='bbox 684 2075 800 2146; x_wconf 72' lang='lat' dir='ltr'>Papam</span> <span class='ocrx_word' id='word_1_154' title='bbox 818 2089 885 2131; x_wconf 87' lang='lat' dir='ltr'>esse</span> <span class='ocrx_word' id='word_1_155' title='bbox 909 2076 1029 2146; x_wconf 86' lang='lat' dir='ltr'>proprie</span> <span class='ocrx_word' id='word_1_156' title='bbox 1055 2076 1217 2134; x_wconf 83' lang='lat' dir='ltr'>Antichri-</span> 
     </span>
     <span class='ocr_line' id='line_1_20' title="bbox 163 2166 1215 2239; baseline 0.002 -15"><span class='ocrx_word' id='word_1_157' title='bbox 163 2177 249 2224; x_wconf 86' lang='lat' dir='ltr'>stum</span> <span class='ocrx_word' id='word_1_158' title='bbox 263 2167 365 2239; x_wconf 83' lang='lat' dir='ltr'>illum,</span> <span class='ocrx_word' id='word_1_159' title='bbox 388 2182 478 2237; x_wconf 88' lang='lat' dir='ltr'>quem</span> <span class='ocrx_word' id='word_1_160' title='bbox 499 2167 616 2236; x_wconf 77' lang='lat' dir='ltr'>vulgata</span> <span class='ocrx_word' id='word_1_161' title='bbox 637 2166 777 2238; x_wconf 86' lang='lat' dir='ltr'>opinione</span> <span class='ocrx_word' id='word_1_162' title='bbox 797 2175 938 2239; x_wconf 84' lang='lat' dir='ltr'>expectat</span> <span class='ocrx_word' id='word_1_163' title='bbox 956 2168 1103 2223; x_wconf 87' lang='lat' dir='ltr'>mundus:</span> <span class='ocrx_word' id='word_1_164' title='bbox 1132 2171 1215 2226; x_wconf 80' lang='lat' dir='ltr'>adeo</span> 
     </span>
     <span class='ocr_line' id='line_1_21' title="bbox 165 2247 1217 2329; baseline 0.005 -15"><span class='ocrx_word' id='word_1_165' title='bbox 165 2257 348 2314; x_wconf 84' lang='lat' dir='ltr'>conveniunt</span> <span class='ocrx_word' id='word_1_166' title='bbox 371 2257 487 2324; x_wconf 88' lang='lat' dir='ltr'>emnia,</span> <span class='ocrx_word' id='word_1_167' title='bbox 513 2274 578 2329; x_wconf 82' lang='lat' dir='ltr'>quae</span> <span class='ocrx_word' id='word_1_168' title='bbox 599 2258 692 2325; x_wconf 82' lang='lat' dir='ltr'>vivit,</span> <span class='ocrx_word' id='word_1_169' title='bbox 717 2247 808 2327; x_wconf 81' lang='lat' dir='ltr'>iacit,</span> <span class='ocrx_word' id='word_1_170' title='bbox 833 2257 983 2328; x_wconf 87' lang='lat' dir='ltr'>loquitur,</span> <span class='ocrx_word' id='word_1_171' title='bbox 1002 2259 1113 2314; x_wconf 81' lang='lat' dir='ltr'>statuit.</span> <span class='ocrx_word' id='word_1_172' title='bbox 1149 2264 1217 2322; x_wconf 88' lang='lat' dir='ltr'>Sed</span> 
     </span>
     <span class='ocr_line' id='line_1_22' title="bbox 162 2342 1200 2420; baseline -0.001 -13"><span class='ocrx_word' id='word_1_173' title='bbox 162 2349 228 2407; x_wconf 83' lang='lat' dir='ltr'>baec</span> <span class='ocrx_word' id='word_1_174' title='bbox 246 2350 339 2419; x_wconf 83' lang='lat' dir='ltr'>magis</span> <span class='ocrx_word' id='word_1_175' title='bbox 358 2363 473 2403; x_wconf 89' lang='lat' dir='ltr'>eoram.</span> <span class='ocrx_word' id='word_1_176' title='bbox 511 2349 540 2404; x_wconf 90' lang='lat' dir='ltr'>Si</span> <span class='ocrx_word' id='word_1_177' title='bbox 559 2364 620 2402; x_wconf 88' lang='lat' dir='ltr'>nou</span> <span class='ocrx_word' id='word_1_178' title='bbox 641 2349 758 2417; x_wconf 75' lang='lat' dir='ltr'>pluisti,</span> <span class='ocrx_word' id='word_1_179' title='bbox 778 2349 890 2405; x_wconf 89' lang='lat' dir='ltr'>curabo</span> <span class='ocrx_word' id='word_1_180' title='bbox 909 2359 944 2404; x_wconf 92' lang='lat' dir='ltr'>ut</span> <span class='ocrx_word' id='word_1_181' title='bbox 961 2351 1050 2420; x_wconf 82' lang='lat' dir='ltr'>legas.</span> <span class='ocrx_word' id='word_1_182' title='bbox 1196 2342 1200 2346; x_wconf 55' lang='grc'><strong>’</strong></span> 
     </span>
    </p>

    <p class='ocr_par' dir='ltr' id='par_1_4' title="bbox 85 2440 1215 3828">
     <span class='ocr_line' id='line_1_23' title="bbox 232 2440 1213 2516; baseline 0 -14"><span class='ocrx_word' id='word_1_183' title='bbox 232 2447 281 2502; x_wconf 90' lang='lat' dir='ltr'>De</span> <span class='ocrx_word' id='word_1_184' title='bbox 310 2442 561 2499; x_wconf 80' lang='lat' dir='ltr'>Scholasticiset</span> <span class='ocrx_word' id='word_1_185' title='bbox 584 2440 799 2513; x_wconf 74' lang='lat' dir='ltr'>pictoribus*)</span> <span class='ocrx_word' id='word_1_186' title='bbox 839 2445 960 2512; x_wconf 89' lang='lat' dir='ltr'>nescio,</span> <span class='ocrx_word' id='word_1_187' title='bbox 993 2446 1062 2516; x_wconf 88' lang='lat' dir='ltr'>quid</span> <span class='ocrx_word' id='word_1_188' title='bbox 1092 2446 1213 2510; x_wconf 76' lang='lat' dir='ltr'>dicam:</span> 
     </span>
     <span class='ocr_line' id='line_1_24' title="bbox 85 2536 1215 2613; baseline 0.003 -17"><span class='ocrx_word' id='word_1_189' title='bbox 85 2594 91 2612; x_wconf 68' lang='grc'><em>,</em></span> <span class='ocrx_word' id='word_1_190' title='bbox 163 2548 285 2608; x_wconf 87' lang='lat' dir='ltr'>metuo,</span> <span class='ocrx_word' id='word_1_191' title='bbox 308 2555 345 2593; x_wconf 90' lang='lat' dir='ltr'>ne</span> <span class='ocrx_word' id='word_1_192' title='bbox 367 2552 456 2591; x_wconf 86' lang='lat' dir='ltr'>causa</span> <span class='ocrx_word' id='word_1_193' title='bbox 477 2544 555 2591; x_wconf 82' lang='lat' dir='ltr'>tanta</span> <span class='ocrx_word' id='word_1_194' title='bbox 575 2552 635 2592; x_wconf 91' lang='lat' dir='ltr'>non</span> <span class='ocrx_word' id='word_1_195' title='bbox 658 2536 713 2604; x_wconf 88' lang='lat' dir='ltr'>sit,</span> <span class='ocrx_word' id='word_1_196' title='bbox 738 2544 877 2608; x_wconf 85' lang='lat' dir='ltr'>quantam</span> <span class='ocrx_word' id='word_1_197' title='bbox 901 2538 1013 2594; x_wconf 77' lang='lat' dir='ltr'>faciunt</span> <span class='ocrx_word' id='word_1_198' title='bbox 1037 2541 1116 2594; x_wconf 84' lang='lat' dir='ltr'>venti</span> <span class='ocrx_word' id='word_1_199' title='bbox 1143 2547 1215 2613; x_wconf 88' lang='lat' dir='ltr'>qui.</span> 
     </span>
     <span class='ocr_line' id='line_1_25' title="bbox 166 2629 1212 2704; baseline 0.004 -14"><span class='ocrx_word' id='word_1_200' title='bbox 166 2637 251 2701; x_wconf 85' lang='lat' dir='ltr'>dem,</span> <span class='ocrx_word' id='word_1_201' title='bbox 279 2634 329 2704; x_wconf 84' lang='lat' dir='ltr'>qui</span> <span class='ocrx_word' id='word_1_202' title='bbox 353 2647 419 2686; x_wconf 85' lang='lat' dir='ltr'>earn</span> <span class='ocrx_word' id='word_1_203' title='bbox 441 2631 552 2686; x_wconf 83' lang='lat' dir='ltr'>inflant.</span> <span class='ocrx_word' id='word_1_204' title='bbox 591 2629 645 2699; x_wconf 83' lang='lat' dir='ltr'>Egi</span> <span class='ocrx_word' id='word_1_205' title='bbox 669 2631 699 2684; x_wconf 90' lang='lat' dir='ltr'>in</span> <span class='ocrx_word' id='word_1_206' title='bbox 726 2632 873 2686; x_wconf 88' lang='lat' dir='ltr'>concione</span> <span class='ocrx_word' id='word_1_207' title='bbox 899 2648 955 2704; x_wconf 88' lang='lat' dir='ltr'>pro</span> <span class='ocrx_word' id='word_1_208' title='bbox 984 2651 1036 2700; x_wconf 86' lang='lat' dir='ltr'>ea,</span> <span class='ocrx_word' id='word_1_209' title='bbox 1068 2635 1120 2688; x_wconf 89' lang='lat' dir='ltr'>sed</span> <span class='ocrx_word' id='word_1_210' title='bbox 1146 2654 1212 2694; x_wconf 93' lang='lat' dir='ltr'>non</span> 
     </span>
     <span class='ocr_line' id='line_1_26' title="bbox 155 2708 1212 2794; baseline 0.002 -9"><span class='ocrx_word' id='word_1_211' title='bbox 155 2708 305 2785; x_wconf 33' lang='lat' dir='ltr'>&#39;omnibus</span> <span class='ocrx_word' id='word_1_212' title='bbox 336 2725 478 2781; x_wconf 74' lang='lat' dir='ltr'>satisfeci.</span> <span class='ocrx_word' id='word_1_213' title='bbox 517 2723 628 2790; x_wconf 85' lang='lat' dir='ltr'><strong>Erant,</strong></span> <span class='ocrx_word' id='word_1_214' title='bbox 660 2724 710 2794; x_wconf 88' lang='lat' dir='ltr'>qui</span> <span class='ocrx_word' id='word_1_215' title='bbox 743 2740 792 2778; x_wconf 92' lang='lat' dir='ltr'>me</span> <span class='ocrx_word' id='word_1_216' title='bbox 822 2725 957 2781; x_wconf 88' lang='lat' dir='ltr'>dicerent</span> <span class='ocrx_word' id='word_1_217' title='bbox 986 2728 1077 2783; x_wconf 88' lang='lat' dir='ltr'>nimio</span> <span class='ocrx_word' id='word_1_218' title='bbox 1105 2729 1212 2787; x_wconf 79' lang='lat' dir='ltr'>lavere</span> 
     </span>
     <span class='ocr_line' id='line_1_27' title="bbox 163 2817 1211 2894; baseline 0.001 -17"><span class='ocrx_word' id='word_1_219' title='bbox 163 2823 239 2893; x_wconf 88' lang='lat' dir='ltr'>parti</span> <span class='ocrx_word' id='word_1_220' title='bbox 270 2819 475 2887; x_wconf 86' lang='lat' dir='ltr'>scholasticas,</span> <span class='ocrx_word' id='word_1_221' title='bbox 503 2818 550 2873; x_wconf 91' lang='lat' dir='ltr'>alii</span> <span class='ocrx_word' id='word_1_222' title='bbox 576 2827 695 2874; x_wconf 83' lang='lat' dir='ltr'>contra.</span> <span class='ocrx_word' id='word_1_223' title='bbox 741 2817 827 2873; x_wconf 83' lang='lat' dir='ltr'>Adeo</span> <span class='ocrx_word' id='word_1_224' title='bbox 853 2819 1038 2876; x_wconf 83' lang='lat' dir='ltr'>intractabile</span> <span class='ocrx_word' id='word_1_225' title='bbox 1062 2829 1107 2876; x_wconf 88' lang='lat' dir='ltr'>est</span> <span class='ocrx_word' id='word_1_226' title='bbox 1131 2839 1211 2894; x_wconf 92' lang='lat' dir='ltr'>opus</span> 
     </span>
     <span class='ocr_line' id='line_1_28' title="bbox 165 2912 1211 2987; baseline 0 -16"><span class='ocrx_word' id='word_1_227' title='bbox 165 2914 295 2982; x_wconf 87' lang='lat' dir='ltr'>diaboli,</span> <span class='ocrx_word' id='word_1_228' title='bbox 326 2914 493 2985; x_wconf 85' lang='lat' dir='ltr'>meliusque</span> <span class='ocrx_word' id='word_1_229' title='bbox 516 2913 639 2976; x_wconf 83' lang='lat' dir='ltr'>fuisset,</span> <span class='ocrx_word' id='word_1_230' title='bbox 660 2923 693 2967; x_wconf 92' lang='lat' dir='ltr'>ut</span> <span class='ocrx_word' id='word_1_231' title='bbox 709 2912 784 2968; x_wconf 90' lang='lat' dir='ltr'>inse</span> <span class='ocrx_word' id='word_1_232' title='bbox 801 2913 866 2984; x_wconf 90' lang='lat' dir='ltr'>ipsc</span> <span class='ocrx_word' id='word_1_233' title='bbox 884 2914 1100 2976; x_wconf 80' lang='lat' dir='ltr'>deferbuisset,</span> <span class='ocrx_word' id='word_1_234' title='bbox 1118 2933 1211 2987; x_wconf 88' lang='lat' dir='ltr'>quam</span> 
     </span>
     <span class='ocr_line' id='line_1_29' title="bbox 163 3008 1209 3081; baseline 0.004 -18"><span class='ocrx_word' id='word_1_235' title='bbox 163 3015 248 3064; x_wconf 84' lang='lat' dir='ltr'>tanto</span> <span class='ocrx_word' id='word_1_236' title='bbox 269 3009 448 3062; x_wconf 85' lang='lat' dir='ltr'>tumultuet</span> <span class='ocrx_word' id='word_1_237' title='bbox 471 3009 597 3079; x_wconf 86' lang='lat' dir='ltr'>strepitu</span> <span class='ocrx_word' id='word_1_238' title='bbox 619 3008 715 3063; x_wconf 80' lang='lat' dir='ltr'>sedari</span> <span class='ocrx_word' id='word_1_239' title='bbox 737 3017 835 3076; x_wconf 89' lang='lat' dir='ltr'>coepta</span> <span class='ocrx_word' id='word_1_240' title='bbox 852 3015 907 3062; x_wconf 88' lang='lat' dir='ltr'>est.</span> <span class='ocrx_word' id='word_1_241' title='bbox 943 3008 1034 3064; x_wconf 84' lang='lat' dir='ltr'>Pauci</span> <span class='ocrx_word' id='word_1_242' title='bbox 1053 3021 1137 3078; x_wconf 88' lang='lat' dir='ltr'>sunt,</span> <span class='ocrx_word' id='word_1_243' title='bbox 1155 3012 1209 3081; x_wconf 91' lang='lat' dir='ltr'>qui</span> 
     </span>
     <span class='ocr_line' id='line_1_30' title="bbox 164 3100 1209 3173; baseline 0.005 -18"><span class='ocrx_word' id='word_1_244' title='bbox 164 3101 272 3156; x_wconf 86' lang='lat' dir='ltr'>ludunt</span> <span class='ocrx_word' id='word_1_245' title='bbox 289 3102 368 3157; x_wconf 90' lang='lat' dir='ltr'>hanc</span> <span class='ocrx_word' id='word_1_246' title='bbox 393 3101 583 3170; x_wconf 79' lang='lat' dir='ltr'>tragoediam,</span> <span class='ocrx_word' id='word_1_247' title='bbox 605 3111 635 3156; x_wconf 89' lang='lat' dir='ltr'>et</span> <span class='ocrx_word' id='word_1_248' title='bbox 655 3117 716 3156; x_wconf 88' lang='lat' dir='ltr'>uon</span> <span class='ocrx_word' id='word_1_249' title='bbox 739 3101 836 3170; x_wconf 83' lang='lat' dir='ltr'>digni,</span> <span class='ocrx_word' id='word_1_250' title='bbox 862 3100 902 3156; x_wconf 91' lang='lat' dir='ltr'>ob</span> <span class='ocrx_word' id='word_1_251' title='bbox 927 3118 1003 3173; x_wconf 90' lang='lat' dir='ltr'>quos</span> <span class='ocrx_word' id='word_1_252' title='bbox 1020 3113 1083 3157; x_wconf 87' lang='lat' dir='ltr'>tota</span> <span class='ocrx_word' id='word_1_253' title='bbox 1101 3104 1209 3161; x_wconf 85' lang='lat' dir='ltr'>civitas</span> 
     </span>
     <span class='ocr_line' id='line_1_31' title="bbox 165 3193 1208 3266; baseline 0.006 -18"><span class='ocrx_word' id='word_1_254' title='bbox 165 3203 195 3248; x_wconf 90' lang='lat' dir='ltr'>et</span> <span class='ocrx_word' id='word_1_255' title='bbox 210 3193 395 3250; x_wconf 86' lang='lat' dir='ltr'>Universites</span> <span class='ocrx_word' id='word_1_256' title='bbox 414 3195 459 3248; x_wconf 87' lang='lat' dir='ltr'>sic</span> <span class='ocrx_word' id='word_1_257' title='bbox 478 3193 605 3249; x_wconf 87' lang='lat' dir='ltr'>laboret.</span> <span class='ocrx_word' id='word_1_258' title='bbox 640 3194 748 3265; x_wconf 87' lang='lat' dir='ltr'>Neque</span> <span class='ocrx_word' id='word_1_259' title='bbox 770 3204 870 3265; x_wconf 87' lang='lat' dir='ltr'>potest</span> <span class='ocrx_word' id='word_1_260' title='bbox 888 3194 967 3259; x_wconf 83' lang='lat' dir='ltr'>fieri,</span> <span class='ocrx_word' id='word_1_261' title='bbox 998 3206 1031 3251; x_wconf 90' lang='lat' dir='ltr'>ut</span> <span class='ocrx_word' id='word_1_262' title='bbox 1051 3197 1208 3266; x_wconf 79' lang='lat' dir='ltr'>inmagno</span> 
     </span>
     <span class='ocr_line' id='line_1_32' title="bbox 163 3287 1209 3361; baseline 0.006 -19"><span class='ocrx_word' id='word_1_263' title='bbox 163 3302 303 3359; x_wconf 70' lang='lat' dir='ltr'>septoque</span> <span class='ocrx_word' id='word_1_264' title='bbox 321 3304 450 3357; x_wconf 91' lang='lat' dir='ltr'>corpore</span> <span class='ocrx_word' id='word_1_265' title='bbox 466 3287 522 3352; x_wconf 91' lang='lat' dir='ltr'>(ut</span> <span class='ocrx_word' id='word_1_266' title='bbox 540 3288 711 3343; x_wconf 81' lang='lat' dir='ltr'>Antiochus</span> <span class='ocrx_word' id='word_1_267' title='bbox 726 3288 838 3344; x_wconf 88' lang='lat' dir='ltr'>Herodi</span> <span class='ocrx_word' id='word_1_268' title='bbox 859 3288 954 3355; x_wconf 86' lang='lat' dir='ltr'>dixit)</span> <span class='ocrx_word' id='word_1_269' title='bbox 972 3306 1033 3344; x_wconf 92' lang='lat' dir='ltr'>uon</span> <span class='ocrx_word' id='word_1_270' title='bbox 1049 3290 1209 3361; x_wconf 79' lang='lat' dir='ltr'>aliquando</span> 
     </span>
     <span class='ocr_line' id='line_1_33' title="bbox 151 3380 1210 3453; baseline 0.007 -19"><span class='ocrx_word' id='word_1_271' title='bbox 151 3380 251 3435; x_wconf 83' lang='lat' dir='ltr'>-uleus</span> <span class='ocrx_word' id='word_1_272' title='bbox 269 3388 319 3435; x_wconf 81' lang='lat' dir='ltr'>sut</span> <span class='ocrx_word' id='word_1_273' title='bbox 336 3395 392 3451; x_wconf 87' lang='lat' dir='ltr'>pus</span> <span class='ocrx_word' id='word_1_274' title='bbox 410 3390 461 3434; x_wconf 85' lang='lat' dir='ltr'>aut</span> <span class='ocrx_word' id='word_1_275' title='bbox 479 3382 574 3436; x_wconf 89' lang='lat' dir='ltr'>simile</span> <span class='ocrx_word' id='word_1_276' title='bbox 593 3383 662 3453; x_wconf 92' lang='lat' dir='ltr'>quid</span> <span class='ocrx_word' id='word_1_277' title='bbox 682 3384 816 3437; x_wconf 77' lang='lat' dir='ltr'>oriatur:</span> <span class='ocrx_word' id='word_1_278' title='bbox 849 3384 928 3452; x_wconf 83' lang='lat' dir='ltr'>qrrod</span> <span class='ocrx_word' id='word_1_279' title='bbox 948 3383 971 3438; x_wconf 89' lang='lat' dir='ltr'>si</span> <span class='ocrx_word' id='word_1_280' title='bbox 991 3399 1043 3438; x_wconf 89' lang='lat' dir='ltr'>sua</span> <span class='ocrx_word' id='word_1_281' title='bbox 1061 3385 1140 3440; x_wconf 80' lang='lat' dir='ltr'>sines</span> <span class='ocrx_word' id='word_1_282' title='bbox 1158 3388 1210 3442; x_wconf 87' lang='lat' dir='ltr'>via</span> 
     </span>
     <span class='ocr_line' id='line_1_34' title="bbox 164 3472 1208 3546; baseline 0.009 -20"><span class='ocrx_word' id='word_1_283' title='bbox 164 3475 226 3540; x_wconf 88' lang='lat' dir='ltr'>ire,</span> <span class='ocrx_word' id='word_1_284' title='bbox 251 3486 305 3542; x_wconf 88' lang='lat' dir='ltr'>per</span> <span class='ocrx_word' id='word_1_285' title='bbox 322 3487 354 3525; x_wconf 88' lang='lat' dir='ltr'>se</span> <span class='ocrx_word' id='word_1_286' title='bbox 373 3472 524 3528; x_wconf 86' lang='lat' dir='ltr'>cessabit:</span> <span class='ocrx_word' id='word_1_287' title='bbox 550 3476 594 3529; x_wconf 89' lang='lat' dir='ltr'>siu</span> <span class='ocrx_word' id='word_1_288' title='bbox 613 3475 806 3546; x_wconf 88' lang='lat' dir='ltr'>prohibueris</span> <span class='ocrx_word' id='word_1_289' title='bbox 826 3485 855 3530; x_wconf 90' lang='lat' dir='ltr'>et</span> <span class='ocrx_word' id='word_1_290' title='bbox 873 3476 1078 3546; x_wconf 86' lang='lat' dir='ltr'>obstruxeris,</span> <span class='ocrx_word' id='word_1_291' title='bbox 1106 3488 1208 3535; x_wconf 91' lang='lat' dir='ltr'>totum</span> 
     </span>
     <span class='ocr_line' id='line_1_35' title="bbox 164 3562 1207 3646; baseline 0.004 -22"><span class='ocrx_word' id='word_1_292' title='bbox 164 3581 275 3638; x_wconf 88' lang='lat' dir='ltr'>eorpus</span> <span class='ocrx_word' id='word_1_293' title='bbox 299 3562 410 3619; x_wconf 85' lang='lat' dir='ltr'>inficiet</span> <span class='ocrx_word' id='word_1_294' title='bbox 435 3577 464 3620; x_wconf 88' lang='lat' dir='ltr'>et</span> <span class='ocrx_word' id='word_1_295' title='bbox 488 3569 603 3636; x_wconf 89' lang='lat' dir='ltr'>perdet.</span> <span class='ocrx_word' id='word_1_296' title='bbox 645 3572 880 3646; x_wconf 79' lang='lat' dir='ltr'>Agsmtsmen,</span> <span class='ocrx_word' id='word_1_297' title='bbox 909 3580 1052 3639; x_wconf 87' lang='lat' dir='ltr'>quantum</span> <span class='ocrx_word' id='word_1_298' title='bbox 1070 3587 1207 3642; x_wconf 89' lang='lat' dir='ltr'>possum.</span> 
     </span>
     <span class='ocr_line' id='line_1_36' title="bbox 164 3660 1207 3734; baseline 0.004 -16"><span class='ocrx_word' id='word_1_299' title='bbox 164 3660 238 3718; x_wconf 81' lang='lat' dir='ltr'>Vale</span> <span class='ocrx_word' id='word_1_300' title='bbox 263 3668 294 3715; x_wconf 86' lang='lat' dir='ltr'>et</span> <span class='ocrx_word' id='word_1_301' title='bbox 321 3674 374 3713; x_wconf 87' lang='lat' dir='ltr'>ora</span> <span class='ocrx_word' id='word_1_302' title='bbox 401 3675 457 3728; x_wconf 88' lang='lat' dir='ltr'>pro</span> <span class='ocrx_word' id='word_1_303' title='bbox 477 3675 541 3713; x_wconf 90' lang='lat' dir='ltr'>me.</span> <span class='ocrx_word' id='word_1_304' title='bbox 590 3660 680 3716; x_wconf 88' lang='lat' dir='ltr'>Prior</span> <span class='ocrx_word' id='word_1_305' title='bbox 705 3672 810 3716; x_wconf 78' lang='lat' dir='ltr'>noster</span> <span class='ocrx_word' id='word_1_306' title='bbox 836 3662 940 3718; x_wconf 87' lang='lat' dir='ltr'>Heltus</span> <span class='ocrx_word' id='word_1_307' title='bbox 966 3664 1207 3734; x_wconf 83' lang='lat' dir='ltr'>Magdeburgam</span> 
     </span>
     <span class='ocr_line' id='line_1_37' title="bbox 155 3752 1208 3828; baseline 0.004 -15"><span class='ocrx_word' id='word_1_308' title='bbox 155 3756 278 3822; x_wconf 70' lang='lat' dir='ltr'>iverat,</span> <span class='ocrx_word' id='word_1_309' title='bbox 295 3753 354 3808; x_wconf 86' lang='lat' dir='ltr'>tuis</span> <span class='ocrx_word' id='word_1_310' title='bbox 366 3752 461 3828; x_wconf 85' lang='lat' dir='ltr'>literis</span> <span class='ocrx_word' id='word_1_311' title='bbox 473 3754 670 3810; x_wconf 86' lang='lat' dir='ltr'>venientibus.</span> <span class='ocrx_word' id='word_1_312' title='bbox 688 3756 792 3821; x_wconf 71' lang='lat' dir='ltr'>vigilie</span> <span class='ocrx_word' id='word_1_313' title='bbox 805 3755 959 3826; x_wconf 85' lang='lat' dir='ltr'>Matthiae,</span> <span class='ocrx_word' id='word_1_314' title='bbox 976 3777 1055 3815; x_wconf 87' lang='lat' dir='ltr'>anno</span> <span class='ocrx_word' id='word_1_315' title='bbox 1066 3759 1208 3818; x_wconf 78' lang='lat' dir='ltr'>MDxx.</span> 
     </span>
    </p>

    <p class='ocr_par' dir='ltr' id='par_1_5' title="bbox 664 3849 1209 3926">
     <span class='ocr_line' id='line_1_38' title="bbox 664 3849 1209 3926; baseline 0.015 -21"><span class='ocrx_word' id='word_1_316' title='bbox 664 3873 666 3879; x_wconf 54' lang='lat'>&gt;</span> <span class='ocrx_word' id='word_1_317' title='bbox 712 3849 864 3906; x_wconf 89' lang='lat' dir='ltr'>Martinus</span> <span class='ocrx_word' id='word_1_318' title='bbox 883 3851 1056 3925; x_wconf 85' lang='lat' dir='ltr'>Lutherus,</span> <span class='ocrx_word' id='word_1_319' title='bbox 1075 3857 1209 3926; x_wconf 71' lang='lat' dir='ltr'>August.</span> 
     </span>
    </p>
   </div>
   <div class='ocr_carea' id='block_1_3' title="bbox 140 4048 1010 4138">
    <p class='ocr_par' dir='ltr' id='par_1_6' title="bbox 140 4048 1010 4138">
     <span class='ocr_line' id='line_1_39' title="bbox 140 4048 1010 4138; baseline -0.002 -32"><span class='ocrx_word' id='word_1_320' title='bbox 140 4066 142 4070; x_wconf 54' lang='lat'><strong><em>⁴</em></strong></span> <span class='ocrx_word' id='word_1_321' title='bbox 217 4053 259 4138; x_wconf 70' lang='grc' dir='ltr'>ἰΙ</span> <span class='ocrx_word' id='word_1_322' title='bbox 274 4049 323 4101; x_wconf 62' lang='lat' dir='ltr'>vlt</span> <span class='ocrx_word' id='word_1_323' title='bbox 336 4048 472 4101; x_wconf 65' lang='lat' dir='ltr'>&amp;tutemet</span> <span class='ocrx_word' id='word_1_324' title='bbox 486 4049 532 4097; x_wconf 80' lang='lat' dir='ltr'>snt</span> <span class='ocrx_word' id='word_1_325' title='bbox 548 4049 630 4104; x_wconf 61' lang='lat' dir='ltr'>metet</span> <span class='ocrx_word' id='word_1_326' title='bbox 644 4051 724 4106; x_wconf 80' lang='lat' dir='ltr'>btttm</span> <span class='ocrx_word' id='word_1_327' title='bbox 738 4053 805 4103; x_wconf 81' lang='lat' dir='ltr'>etum</span> <span class='ocrx_word' id='word_1_328' title='bbox 821 4053 904 4107; x_wconf 59' lang='lat' dir='ltr'>&amp;tacit</span> <span class='ocrx_word' id='word_1_329' title='bbox 916 4053 1010 4110; x_wconf 70' lang='lat' dir='ltr'>cesant.</span> 
     </span>
    </p>
   </div>
   <div class='ocr_carea' id='block_1_4' title="bbox 0 0 1292 4732">
    <p class='ocr_par' dir='ltr' id='par_1_7' title="bbox 0 0 1292 4732">
     <span class='ocr_line' id='line_1_40' title="bbox 0 0 1292 4732; baseline 0 0"><span class='ocrx_word' id='word_1_330' title='bbox 0 0 1292 4732; x_wconf 95' lang='lat' dir='ltr'> </span> 
     </span>
    </p>
   </div>
  </div>
 </body>
</html>
