2574 4732
573 336 666 404 1619.
812 334 820 349 ⁸
1081 335 1150 407 tibi

100 498 233 556 veritatis
257 498 344 553 laude
369 502 471 550 rotare
496 493 598 549 audes.
648 492 725 565 Quas
749 491 775 547 si
803 492 877 548 alius
900 495 938 550 de
961 501 999 553 te'
1015 496 1153 568 diceret,

100 610 169 647 eum
193 591 351 646 debuisses
374 588 568 657 mmere,
595 588 648 659 qni
676 597 706 641 te
728 587 812 641 velut
828 589 974 659 pessimus
993 591 1153 649 simulator

100 688 250 743 furiosum
268 696 432 740 conaretur
452 684 633 751 traducere,
653 682 791 751 dignum,
817 681 846 736 in
865 698 956 752 quem
973 667 1153 758 vel'expur.

99 783 267 851 gastonem,
295 786 346 833 aut
372 777 397 832 si
427 777 498 848 quid
522 777 607 848 pejus
631 777 747 846 possis,
778 774 939 830 scriberes.
982 777 1072 836 Nunc
1094 779 1151 838 tibi

100 877 216 948 places.
236 873 360 944 proprio
379 879 482 926 rostro
501 872 665 940 crepitante
683 870 762 924 hanc
781 868 900 923 laudem
917 868 1073 937 insignem.

168 966 314 1021 Credisne
340 964 433 1020 miser
458 974 488 1019 et
514 970 564 1032 tu,
590 979 657 1019 esse
683 964 780 1018 adhuc
806 962 948 1018 homines
972 963 1003 1017 in
1022 967 1152 1036 mundo,

99 1071 209 1134 preater
235 1070 305 1116 tuos
331 1058 491 1129 Lipsensea
517 1070 640 1114 mutuos
667 1057 765 1113 mulos
798 1057 877 1122 (uec
901 1058 981 1112 enim
1001 1073 1106 1115 omnes
1123 1070 1155 1117 ts

100 1151 269 1223 scabunt),
301 1156 350 1225 qni
370 1154 486 1223 sciant,
512 1153 583 1223 quid
601 1152 640 1208 ait
665 1153 802 1208 sincerus
828 1161 860 1228 et
877 1161 999 1221 apertus
1017 1152 1155 1211 veritst‘m

100 1248 275 1319 inquisitor:
295 1262 398 1302 coram
422 1246 531 1317 quibus
549 1247 616 1301 heac
639 1256 696 1301 tuas
716 1245 897 1302 sinceritatis
909 1246 1056 1317 jactantis
1072 1248 1155 1305 omui

101 1341 141 1399 sit
157 1341 320 1412 mephitide
335 1341 577 1410 graveolentiori
603 1339 671 1396 Hoc
692 1350 760 1408 cat,
789 1340 870 1411 quod
891 1352 1015 1410 repente
1031 1354 1155 1397 causam

102 1436 160 1489 alio
178 1434 315 1504 rapuisti,
335 1433 488 1489 delibero
507 1433 633 1489 arbitrio
652 1435 688 1488 ad
707 1433 893 1489 activitatem
911 1435 999 1490 libari
1017 1433 1156 1504 arbitrii,

99 1528 153 1584 hui
172 1518 260 1599 quam
278 1529 476 1584 necessariam
495 1530 531 1584 ad
550 1529 737 1600 perdendum
755 1538 875 1599 tempus
895 1527 1119 1599 questionem:

138 1689 140 1695 y
167 1621 260 1678 Nunc
283 1620 404 1678 demum
424 1623 576 1690 intelligo,
601 1623 672 1692 quid
695 1623 756 1690 sit,
785 1622 867 1692 quod
889 1623 1041 1679 scribendi
1061 1640 1156 1693 nego.

99 1717 175 1774 tium
203 1733 325 1788 semper
351 1716 565 1782 exhorrenda,
597 1702 840 1770 honestissimam
867 1716 1042 1786 hypocrisin
1069 1733 1156 1774 com..

98 1821 243 1873 mantus,
264 1819 295 1864 te
315 1825 377 1864 nou
395 1825 495 1863 amare
515 1807 683 1863 aculeatum
698 1807 872 1879 scriptionis
890 1825 1007 1879 genus,
1035 1826 1157 1884 semper

100 1913 201 1960 sutem
218 1902 398 1975 provocaris
422 1903 458 1957 ad
483 1901 736 1973 disputationem,
753 1902 806 1957 aad
829 1917 914 1970 eam,
934 1919 1024 1974 quarn
1043 1920 1156 1978 excep*

100 2007 163 2052 tam
182 2012 244 2050 non
266 1996 354 2051 liceat
374 1995 431 2050 sub
451 1994 536 2051 orbis
554 1995 703 2065 judicium
725 1995 837 2065 edere,
860 1995 917 2051 nisi
929 1996 1082 2066 judicibus
1102 1998 1157 2056 tibi

100 2089 219 2162 placitis
245 2096 276 2143 et
294 2089 324 2143 vi
344 2089 474 2144 extortis
492 2088 671 2160 judicatam:
700 2098 819 2160 paratus
842 2091 959 2147 scilicet
976 2090 1035 2146 hac
1055 2093 1157 2163 dispu-

100 2184 181 2238 tandi
206 2183 341 2252 ratione,
370 2181 515 2251 Galliam,
544 2184 676 2251 ltaliam,
701 2182 913 2251 Germaniam,
939 2185 1018 2240 forte
1040 2193 1071 2241 et
1090 2185 1157 2242 De.

100 2279 226 2333 mocrlti
244 2279 391 2347 mundos,
410 2279 436 2334 si
456 2278 538 2333 bunc
559 2279 626 2350 quis
644 2276 843 2347 requiretfl),
871 2278 1000 2335 offerret
1018 2280 1155 2350 scilieet,

99 2374 182 2444 quod
211 2373 256 2428 sic
279 2373 457 2444 disputando
483 2372 567 2431 noris
593 2388 651 2427 nec
675 2370 884 2428 deliberationi
907 2389 965 2428 nec
994 2373 1153 2443 diligentias

100 2467 203 2521 locum
222 2483 302 2529 ease,
321 2483 394 2539 quaa
419 2476 452 2521 tu
471 2468 502 2522 iu
520 2466 679 2541 quaerenda
698 2467 841 2533 veritate,
860 2462 1081 2522 sincerissimus
1097 2467 1158 2534 vir,

102 2575 221 2629 semper
240 2570 411 2630 suspectas,
430 2562 491 2615 imo
512 2562 620 2615 noxias
635 2559 733 2626 ducis,
750 2568 781 2614 et
801 2558 976 2626 facillimum
995 2573 1074 2625 esse,
1093 2559 1159 2617 nai-

102 2652 171 2707 tatis
194 2653 349 2707 vocabulis
370 2653 495 2706 alienam
516 2653 655 2719 effingere
677 2651 924 2719 significationem
934 2648 951 2715 ,'
963 2666 1070 2721 quam,
1104 2649 1157 2707 abi

101 2745 299 2816 procedentia
319 2754 349 2799 et
371 2745 525 2814 sequentia
544 2759 606 2798 non
627 2742 714 2797 liceat
737 2744 894 2810 conferre,
915 2753 978 2796 tum
996 2759 1085 2799 causa
1104 2759 1157 2799 su.

101 2839 167 2893 bitu
189 2839 226 2893 ad
243 2839 314 2893 alias
327 2850 383 2892 ‘res
404 2847 512 2907 rapta,
534 2835 737 2891 difficillimum
761 2836 800 2891 sit
823 2836 1004 2893 observare:
1030 2852 1158 2908 praser-

100 2933 156 2987 tim
175 2931 226 2987 ubi
244 2931 274 2986 id
293 2932 412 3000 agitur,
431 2931 532 3002 specie
551 2927 698 2996 adbibita,
716 2945 753 2984 ne
775 2929 941 2985 observare
962 2931 1029 3001 quis
1048 2931 1157 2988 debeat

101 3044 137 3081 aa
152 3027 266 3097 possa,
294 3025 595 3094 sustentaturum
615 3023 822 3091 auditoribus,
846 3031 909 3078 rum
923 3024 1077 3095 jannuus
1095 3007 1159 3082 iia.
1202 3094 1205 3099 1

101 3120 236 3175 ceritatis
256 3119 423 3189 jactantia,
454 3119 536 3188 quod
561 3117 696 3173 veritatis
721 3117 887 3189 periculum
917 3128 948 3172 et
975 3119 1156 3190 impiissimas

103 3214 301 3269 simulationis
326 3212 498 3269 scandalum
524 3212 554 3267 iu
579 3210 741 3267 scribendo
759 3227 866 3282 parum
883 3212 1012 3268 feliciter
1029 3213 1068 3271 sit
1085 3230 1158 3285 pro·

104 3322 270 3362 cessurum.

98 3426 100 3432 s
171 3400 236 3455 Una
256 3400 346 3470 igitur
360 3402 414 3457 tibi
435 3402 513 3458 ratio
534 3411 581 3458 est
598 3403 762 3473 quaerendas
784 3400 938 3468 tentatio,
963 3401 1155 3474 praecipitatas

103 3493 311 3563 disputationis
340 3496 492 3551 confusio.
537 3495 615 3567 Quis
644 3511 774 3567 unquam
809 3503 839 3550 et
872 3495 934 3549 boo
960 3494 1159 3553 intellexisset

103 3603 171 3642 esse
190 3588 348 3643 veritatem
372 3604 471 3642 amare
493 3599 524 3643 et
548 3605 702 3661 quaerere,
729 3589 784 3645 nisi
808 3599 841 3644 tu
866 3588 964 3645 no'vua
988 3588 1157 3645 verborum

103 3681 314 3748 grammaticus
339 3698 409 3736 cum
435 3692 485 3738 tna
507 3684 637 3739 factione
660 3683 700 3738 ita
726 3684 878 3740 doceres?
911 3683 998 3737 Adeo
1016 3691 1100 3737 totus
1125 3694 1158 3737 es

103 3772 184 3831 fictio
211 3783 241 3828 et
269 3775 431 3833 simulatio.
471 3777 614 3849 Denique
636 3778 665 3835 in
687 3786 752 3834 tota
772 3777 829 3859 ista
855 3775 1072 3849 expurgatione
1091 3772 1158 3830 lere

79 4060 84 4068 ⁵
157 4082 187 4150 ni
219 4076 237 4122 li
262 4085 362 4124 recuset.
