2574 4732
137 315 198 395 268
613 317 703 387 1519.

137 475 195 532 Sed
220 491 279 548 pro
297 478 399 529 vestra
422 474 515 529 stulta
542 474 708 546 opinione,
743 475 807 530 siue
830 487 889 546 qua
911 471 1058 531 Ecclesiae
1083 475 1183 531 unitas

136 580 221 626 recte
249 569 359 642 stabit,
382 570 470 637 legite
501 568 533 623 C.
564 570 708 625 translato
732 570 770 625 de
794 569 1010 625 constitutione
1035 568 1086 624 tib.
1107 569 1130 625 1.
1151 579 1189 625 et.

136 665 248 728 ridete,
266 679 302 716 an
319 671 401 717 recte
416 661 457 717 ibi
469 661 550 733 Papa
563 663 645 729 dicit,
663 663 868 720 sacerdotium
882 662 995 719 Christi
1011 663 1041 719 in
1054 663 1182 719 Petrum

136 758 331 820 trrnstrrum,
359 757 439 827 quod
459 757 624 826 Apostolus
642 759 677 815 ad
696 755 822 816 Ebraeor
840 757 876 813 de
894 756 1067 814 sacerdotio
1085 758 1192 813 Auro.-

134 852 180 906 nis
198 853 227 906 iu
248 852 401 906 Christum
421 851 504 906 dicit.

204 944 261 999 Sed
284 960 338 999 vos
358 961 414 998 nec
434 944 530 1012 legitis
556 945 737 1016 quidquam,
764 944 861 1000 multo
880 945 978 1000 minus
1000 944 1183 1012 intelligitis,

136 1047 166 1096 et
186 1040 284 1093 adhuc
299 1039 435 1108 judicare
454 1039 544 1092 vultis
564 1040 601 1093 de
620 1039 777 1093 doctrinis.
820 1038 903 1093 Idem
924 1040 960 1094 de
985 1039 1082 1094 libero
1105 1037 1184 1092 arbi.
1219 1056 1221 1060 ¹

135 1136 213 1198 trio,
232 1133 313 1203 quod
333 1131 446 1186 nullum
468 1143 513 1185 est
529 1140 606 1186 teste
623 1132 658 1186 B.
679 1132 857 1201 Augustino.
891 1131 964 1187 Noa
982 1133 1062 1187 enim
1081 1141 1184 1203 potest

134 1227 191 1282 nisi
210 1226 319 1279 malurn
337 1225 452 1286 facere.
471 1241 622 1296 nunquam
641 1237 739 1282 autem
761 1227 895 1295 bonurn,
913 1227 969 1281 nisi
985 1227 1079 1295 gratia
1100 1221 1195 1296 adju-⁴

134 1329 210 1376 tum.
246 1318 329 1386 Ergo
350 1335 383 1372 se
402 1319 468 1373 solo
492 1335 554 1375 non
577 1326 620 1375 est
643 1320 793 1389 liberum,
820 1321 872 1376 sed
897 1336 1019 1376 servum
1046 1321 1182 1391 peccati,

75 1450 79 1459 ·
135 1423 169 1467 ut
193 1415 350 1482 Augustin.
370 1411 448 1467 libro
465 1412 505 1468 11.
525 1424 630 1468 contra
643 1414 797 1469 Julianuur
815 1415 915 1469 docet.
952 1414 1008 1468 Sed
1024 1430 1100 1482 rogo
1113 1428 1182 1482 vos,

132 1507 279 1563 'cohibere
298 1506 497 1563 temeritatem
512 1517 661 1577 vestram,
680 1504 716 1563 ac
730 1508 865 1564 desistite
881 1508 919 1561 ab
934 1507 1054 1564 insulsis
1072 1508 1184 1564 vestris

135 1603 281 1657 somniisr
314 1603 401 1656 nimis
426 1600 500 1656 nihii
522 1602 624 1674 sapitis
648 1604 678 1658 in
702 1603 838 1659 doctrina
864 1601 1058 1658 Christiana:
1084 1610 1184 1657 estote

134 1712 193 1769 pro
213 1696 301 1750 vobis
323 1696 560 1764 sermocinistaa,
578 1696 666 1752 sinite
684 1713 740 1753 oos
762 1699 905 1753 doctores
926 1705 1049 1753 sanctos
1071 1695 1183 1764 legere.
1226 1698 1229 1702 '

206 1789 322 1864 Quinto
346 1789 428 1862 quod
450 1789 529 1846 laico
552 1789 675 1846 habenti
697 1787 942 1858 autoritatem)
967 1789 1183 1859 (Scriptum)

131 1883 202 1956 plus
219 1886 260 1940 sit
277 1884 471 1952 credendrm,
489 1901 582 1957 quom
598 1883 697 1956 Paper
706 1923 717 1954 ,
736 1901 829 1957 quam
847 1883 991 1953 concilio,
1010 1884 1071 1940 imo
1088 1898 1188 1956 quom.

133 1979 301 2034 Ecclesia:
325 1979 387 2032 hoc
414 1979 505 2033 etiam
527 1978 644 2048 juristae
669 1979 799 2048 docent,
824 1988 859 2034 ut
884 1978 1118 2034 Panormitanua
1147 1977 1182 2032 C.

135 2072 328 2140 Significastiz
348 2082 379 2126 et
400 2073 476 2127 adeo
500 2082 547 2128 est
567 2073 769 2141 catholicum,
794 2082 829 2126 ut
848 2073 1033 2140 Augustinus
1058 2075 1088 2130 iu
1107 2073 1184 2127 mul.

134 2167 175 2220 ris
195 2166 271 2220 locis
294 2165 357 2220 hoc
384 2182 439 2234 pro
464 2165 565 2232 regula
592 2164 703 2221 habeat
726 2165 843 2232 legendi
869 2173 1002 2238 autores.
1037 2164 1106 2219 Nec
1124 2165 1182 2218 fuit

134 2258 216 2314 ailus
233 2267 305 2312 tam.
319 2257 417 2313 fredus
439 2258 616 2326 haereticus,
640 2259 691 2329 qui
710 2257 773 2312 hoc
794 2267 934 2326 negaret,
952 2256 1016 2311 *uisi
1038 2256 1110 2311 novi
1132 2256 1181 2310 isti

134 2351 269 2407 haretici
293 2352 426 2405 omnium
447 2351 682 2406 temerariissimi
705 2349 978 2406 Jutterboccenses
1004 2349 1183 2404 Observan-

135 2445 207 2512 tiui‚
231 2445 281 2515 qui
305 2445 405 2499 fronte
427 2460 481 2499 sua
497 2444 668 2500 meretricia
688 2444 903 2500 sacratissimas
921 2443 1047 2499 Petrum
1068 2442 1184 2497 doctri.

135 2555 208 2605 nas,
235 2553 308 2609 quas
328 2553 478 2609 nunquam
497 2538 653 2606 legerunt,
672 2539 865 2611 pronuntiant
885 2538 1058 2609 pestiferas,
1079 2536 1186 2590 absur.

136 2637 209 2705 das,
234 2633 343 2687 alienas
367 2649 382 2685 a
406 2633 556 2688 catholica
574 2633 721 2688 doctrina.
764 2630 876 2687 Nonne
895 2633 960 2688 hacc
979 2641 1025 2686 est
1044 2631 1074 2685 in
1094 2630 1184 2700 Spiri.

136 2739 201 2784 turn
221 2738 357 2783 sanctum
375 2726 583 2798 blasphemia?

203 2823 296 2876 Sexto
308 2819 383 2894 quid
399 2820 533 2891 Thomas
544 2819 741 2889 predicaris,
759 2821 881 2891 nescio,
903 2819 960 2875 nisi
975 2819 1056 2890 quod
1073 2819 1183 2873 iterum

137 2915 226 2970 rideo
248 2927 379 2969 vestram
396 2916 538 2971 malitiam
559 2915 687 2987 prodere
705 2931 737 2971 sc
757 2917 860 2988 ipsam.
894 2913 974 2969 Nam
997 2928 1067 2967 curn
1085 2912 1133 2966 ille
1155 2913 1184 2965 in

136 3008 264 3080 generati
277 3009 422 3064 Prolatos
437 2992 602 3079 carpserit,
620 3008 718 3080 Papus
735 3019 766 3062 et
781 3009 962 3081 Episcopos,
979 3007 1060 3078 quod
1080 3006 1183 3076 utique

136 3120 197 3157 non
217 3103 315 3157 solum
333 3104 423 3169 licet,
442 3102 598 3158 sedetiam
616 3102 706 3158 debet
725 3102 806 3163 fieri,
826 3102 883 3156 uisi
903 3100 1069 3170 scripturas
1085 3100 1185 3155 velitis

136 3214 246 3266 negare
268 3207 296 3252 et
320 3197 507 3268 prohibere.
536 3196 588 3252 obi
614 3197 753 3253 Christus
787 3197 886 3253 fures.
914 3194 1067 3260 latrones,
1098 3193 1185 3262 lupos

136 3290 347 3359 reprehendite
366 3301 537 3344 vosautem
554 3290 580 3344 ei
601 3291 713 3346 audetis
727 3306 783 3361 pro
800 3290 887 3359 culpa
906 3289 1079 3359 imponere:
1101 3286 1184 3355 quod

136 3395 210 3438 tunc
233 3393 316 3436 recte
335 3384 501 3452 fecissetis,
526 3385 551 3439 si
573 3383 625 3438 ilie
645 3384 774 3455 aliquem
792 3382 977 3438 nominasset
1000 3379 1186 3435 individuali.

90 3508 93 3517 =
136 3487 207 3536 ter.
237 3492 317 3531 nunc
343 3486 442 3530 autern
468 3479 656 3534 detractores
681 3485 711 3533 et
729 3476 971 3533 >calumniatores
997 3474 1087 3541 estis,
1117 3472 1186 3543 quia

136 3569 324 3639 nihiliegitis
341 3588 397 3626 nec
416 3572 588 3640 intelligitis.
625 3571 780 3646 Quidquid
798 3579 898 3625 autem
915 3568 1067 3636 allegatis,
1085 3574 1185 3622 toturn

137 3667 301 3723 secundum
326 3665 486 3720 cerebrum
506 3675 642 3721 vestrum
664 3664 798 3736 accipitis
823 3673 863 3718 et·
877 3676 986 3718 secure
1010 3659 1186 3732 pronuntia.

137 3762 188 3821 tis.
241 3760 370 3835 Quando
400 3760 588 3816 satisfacietis
615 3759 657 3816 illi
683 3767 713 3816 et
739 3757 828 3816 nobis
853 3774 910 3829 pro
935 3765 997 3817 tatu
1023 3754 1104 3824 gravi
1134 3754 1185 3808 de.
1215 3778 1219 3783 -

138 3857 313 3911 tructione?

189 4063 219 4107 ι)
248 4055 387 4110 tituta:
406 4057 542 4105 veritatem.
