2574 4732
572 313 687 397 reso„
794 404 797 409 ⁸
1006 292 1009 299 ’
1079 319 1139 388 sos

92 490 245 539 terrenum
258 480 430 551 Principem
447 479 618 534 conveniat.
653 479 801 548 Accedit,
823 479 905 550 quod
920 479 1032 546 terreni
1051 475 1142 534 Prin.
1165 536 1169 544 x

93 579 174 648 cipes
190 566 243 645 d),
262 585 296 630 ιιι
316 583 386 630 sunt
403 573 546 642 imagines
562 572 710 642 celestis,
736 574 777 628 its
794 572 895 640 eos-⁸)
914 575 1002 630 decet
1017 574 1100 630 hunc
1113 562 1140 642 s)

92 671 222 739 imitari,
239 683 272 724 ιιι
292 678 324 724 et
341 669 397 742 ipsi
417 666 534 723 inultis
550 665 703 735 habitent,
719 667 845 723 humilia
863 672 961 722 temen
977 668 1141 740 respiciant

92 765 239 832 interra,
258 772 289 820 et
305 763 453 818 suscitent
467 763 504 816 de
524 771 606 817 terre
623 761 743 832 inopem
764 769 796 816 et
814 760 852 815 de
870 771 1007 816 stercore
1025 764 1142 831 erigent

92 873 267 929 pauperem.
299 856 407 921 ¹Venio
430 857 530 927 itaque
558 855 645 927 inops
675 863 706 909 et
728 870 842 924 pauper
868 863 937 908 ente
966 855 1058 924 pedes
1082 866 1141 912 tue

93 950 290 1007 serenissimae
315 950 416 1018 Regiae
436 946 656 1021 Majestatisr)
683 958 855 1019 prostratus
863 985 874 1016 ,
905 946 1142 1018 indignissimus,
1199 946 1206 957 ‘

94 1044 297 1114 dignissimum
315 1055 414 1098 temen
434 1060 552 1099 causum
571 1043 785 1114 producturus.

164 1138 245 1194 Editi
263 1148 333 1193 sunt
355 1156 371 1192 u
390 1154 439 1192 me
461 1137 595 1193 nonnulli
622 1125 773 1204 libelllhl,
793 1136 902 1206 quibus
926 1118 1091 1192 multorum
1113 1143 1145 1191 et

94 1249 273 1303 magnorum
291 1233 365 1287 mihi
387 1233 512 1288 coeliani
531 1231 672 1287 invidiam
691 1240 721 1285 et
744 1231 991 1299 indignationem:
1018 1229 1068 1285 ubi
1090 1231 1146 1292 du,

94 1328 166 1400 plici
194 1332 275 1382 tutus
299 1341 365 1382 esse
386 1327 525 1398 presidio
550 1325 662 1381 debui:
689 1324 837 1397 primum,
866 1326 947 1396 quod
973 1326 1083 1386 invitus
1113 1324 1145 1380 in

95 1421 250 1494 pubiicum
276 1421 344 1474 veni
375 1436 431 1474 nec
454 1421 510 1476 nisi
535 1421 662 1474 eliorum
692 1419 722 1472 vi
753 1428 783 1473 et
813 1419 926 1474 insidiis
958 1413 1145 1491 prodiensi)

96 1518 225 1585 scripsi,
246 1513 388 1586 quicquid
412 1514 537 1584 scripsi,
562 1512 635 1568 nihil
662 1527 793 1582 unquam
817 1513 1039 1586 ardentioribus
1065 1513 1146 1570 rutis

97 1619 260 1679 expetens,
289 1625 379 1679 quam
399 1618 433 1664 ut
456 1609 487 1662 in
516 1607 624 1676 angulo
652 1622 722 1661 meo
742 1607 885 1661 luterem:
920 1604 1027 1662 deinde
1045 1606 1145 1678 quod,

97 1712 174 1759 teste
205 1702 390 1758 conscientia
422 1718 489 1754 rnen
518 1687 600 1769 sci)
631 1700 817 1778 optimorum
849 1701 986 1756 virorum
1010 1703 1145 1772 judicio,

95 1814 156 1852 uun
179 1796 234 1851 uisi
258 1794 458 1864 evmgelicaru
476 1795 635 1847 veritatem
655 1792 754 1847 studui
771 1794 909 1863 evulgare
929 1797 1073 1852 adversus
1095 1813 1146 1852 su.

95 1890 284 1961 perstitioses
300 1888 437 1941 humanas
457 1886 626 1941 traditionis
644 1886 801 1958 opiniones
811 1927 825 1960 ‚¹
839 1897 964 1959 propter
979 1905 1068 1961 quum
1084 1902 1146 1948 ter.

96 1985 156 2038 tius
172 1984 236 2051 jam
253 1981 352 2036 linitur
368 1983 464 2040 ferme
480 1996 592 2048 annus,
609 1994 648 2034 ex
665 1996 726 2051 quo
748 1980 889 2050 pstiorl)
907 1983 969 2037 sine
992 1983 1049 2038 fine
1068 1984 1145 2054 ires,

98 2076 312 2144 contumelias,
331 2076 529 2147 pericula-et
546 2073 688 2146 quicquid
704 2075 865 2130 adversarii
881 2073 927 2138 m)
945 2087 1073 2147 possunt
1093 2094 1146 2136 ex.

97 2173 233 2239 cogitare
249 2171 330 2225 meli.
348 2169 470 2225 Frustra
495 2169 614 2224 interim
631 2169 748 2224 veniam
765 2177 848 2239 peto,
869 2170 980 2226 frustra
994 2172 1147 2230 silentium
1248 2228 1252 2243 ,

97 2267 195 2321 offero
213 2264 265 2333 ¹¹),
284 2264 397 2320 frustra
416 2264 497 2335 pacis
517 2265 707 2320 conditiones
728 2280 885 2338 propono,
903 2266 1016 2322 frustra
1035 2267 1146 2324 erudiri

96 2360 223 2416 meliora
239 2358 378 2430 postulo:
404 2363 497 2413 unum
523 2359 668 2431 estquod
690 2359 720 2416 in
739 2375 789 2415 me
814 2369 954 2432 peretur,
980 2370 1094 2418 tantum
1112 2370 1147 2420 ut
1245 2437 1246 2440 Ἴ

98 2454 254 2520 extinguar
272 2469 342 2506 enm
362 2453 503 2509 universo
522 2451 697 2522 Evangelio.
1123 2511 1126 2515 ,

167 2546 242 2599 Cum
264 2555 363 2599 autem
389 2547 490 2600 omnis
513 2547 626 2602 frustra
651 2547 808 2614 tenturim,
838 2547 938 2614 risum
960 2556 1007 2602 est
1029 2546 1148 2602 tandem

100 2637 240 2706 exemplo
259 2635 334 2701 ΒΟ)
353 2638 528 2703 Athrnusii,
546 2640 771 2710 imperatorium
786 2637 979 2710 Msjestetem
995 2639 1148 2709 invocare,

100 2734 125 2789 si
142 2732 222 2785 forte
237 2729 386 2784 Dominus
403 2730 541 2799 dignetur
563 2745 695 2808 pereum
710 2747 771 2786 snae
783 2746 879 2786 causae
894 2732 1008 2787 edesse.
1044 2732 1149 2806 Quare

100 2824 299 2881 serenissimae
319 2821 474 2892 Mejestati
500 2831 576 2892 tuae,
605 2822 714 2880 Cerole
733 2822 879 2894 Princeps
902 2824 1020 2894 Regum
1040 2836 1148 2897 terres,

99 2917 277 2991 suppliciter
295 2915 499 2987 procumbens
516 2917 671 2988 supplico:
690 2917 829 2986 dignetur
846 2934 908 2973 non
927 2934 993 2988 rue,
1009 2921 1064 2975 sed
1079 2937 1149 2977 cau.

101 3029 165 3071 sam
185 3013 279 3083 ipsum
301 3008 456 3078 veritatis,
480 3009 520 3065 ob
539 3027 629 3083 quam
649 3010 703 3067 libi
721 3010 817 3068 solam
836 3013 938 3082 datum
956 3023 1002 3071 est
1019 3015 1148 3086 gladium

158 3267 189 3318 d)
217 3264 426 3313 sennaser.

156 3351 185 3394 e)
213 3345 332 3397 Eosftirit
352 3344 374 3391 b.
391 3344 418 3391 li.

155 3422 184 3474 ll
215 3423 242 3469 Β.
258 3425 338 3472 ἰΙΙιιιιι.

112 3558 115 3564 ,
156 3506 187 3559 ι)
213 3502 241 3551 Β.
259 3503 307 3549 Ser.
323 3502 374 3554 Mei
401 3513 455 3549 tue.

156 3581 189 3631 hl
216 3579 244 3625 Β.
266 3581 306 3626 Ιίιι
328 3582 434 3637 quidem.

157 3660 184 3711 ii
212 3659 241 3706 Β.
257 3659 376 3717 proditus.

157 3742 191 3791 k)
218 3739 244 3786 Β.
262 3750 315 3784 meu
335 3751 413 3784 conec.
435 3747 468 3784 et·

156 3819 183 3866 ll
210 3817 239 3864 B.
255 3829 327 3874 etque
344 3819 375 3863 ob
393 3819 454 3863 nene
470 3818 520 3870 ism
540 3817 565 3863 in
584 3817 683 3865 tertium
700 3829 775 3876 usque
792 3829 882 3872 ennom
902 3815 990 3876 parler.

156 3901 190 3944 m)
216 3895 242 3941 B.
266 3898 334 3943 meli.

158 3979 191 4026 n)
218 3973 245 4021 Β.
267 3973 364 4022 Frustra
383 3975 481 4023 interim
499 3974 624 4024 silentium
643 3974 729 4030 offero.

161 4057 194 4115 ol
222 4052 249 4100 B.
268 4052 333 4104 uiri.
