2574 4732
532 321 622 389 1519.
1040 324 1101 393 299

54 480 127 550 §oui
149 489 214 537 tum
239 476 411 545 serviebat)
437 476 629 535 intellectum.
663 477 820 547 Nieaenutn
841 479 919 534 enim
938 480 1102 537 eonsilium

55 576 210 644 decrevit,
227 575 400 630 Romanum
418 571 600 628 Pontificem
620 571 730 625 debere
749 587 853 626 euram
875 569 987 629 hebere
1004 575 1104 632 scole.

54 671 170 728 siarum
186 667 444 737 suburbanarum,
470 668 549 723 sicut
568 667 803 721 Alexandrinum
823 667 971 738 Aegypti:
995 669 1101 725 deinde

55 764 216 836 episcopos
232 770 363 829 non,·ut
380 762 490 828 modo,
509 776 549 815 ex
569 758 644 814 urbe
664 761 751 814 emtis
771 759 917 830 palliiset
935 770 1102 832 potestate,
1157 766 1159 771 ’

54 860 108 916 aed
130 874 184 929 per
206 857 324 911 vicinos
349 856 509 928 episcopos
530 855 712 937 ordinandos
737 869 823 922 esse,
849 863 885 908 ut
909 853 960 909 lib.
981 854 1102 914 Eeeles.

53 951 164 1019 histor.
188 951 229 1007 X.
255 949 409 1006 scribitur.
450 949 507 1005 Hic
528 966 602 1004 vero
622 948 747 1016 anguilla
768 949 823 1003 ista
843 948 956 1019 nJ'ebot,
984 948 1045 1005 hoo
1069 962 1104 1007 ut

54 1045 175 1112 fieret,
191 1044 370 1116 permissum
395 1059 461 1100 esso
487 1060 504 1097 a
530 1043 621 1099 Rom.
647 1042 871 1111 Pontificibus,
901 1043 1016 1111 fingens
1050 1044 1105 1108 (ut

55 1138 156 1206 solet)
174 1152 214 1192 ex
231 1139 327 1209 eapite
347 1139 471 1211 proprio
486 1138 601 1207 glossas
614 1154 726 1205 novas,
745 1137 828 1207 quasi
850 1154 911 1193 non
928 1137 1104 1210 impiissime

57 1241 89 1288 et
115 1231 341 1288 haeretieissime
370 1233 513 1288 fecissent
542 1240 603 1287 tam
632 1232 760 1287 Romani
788 1230 976 1296 Pontifices,
1013 1248 1103 1302 quem

55 1325 214 1385 Nieaenum
231 1327 410 1394 eonsilium,
427 1327 453 1383 si
465 1328 516 1382 vel
531 1336 698 1384 statuerent
713 1327 760 1381 vel
776 1327 1001 1398 permitterent,
1022 1327 1103 1398 quoti

58 1430 139 1477 esset
158 1431 263 1479 eontra
282 1420 334 1491 jus
352 1421 497 1477 divinum.
539 1419 619 1476 Nom
637 1422 661 1476 si
682 1428 727 1475 est
742 1420 793 1492 jus
813 1421 946 1478 divinum
957 1461 967 1490 ,
990 1421 1106 1477 Rome.

56 1530 131 1570 num
153 1514 332 1571 Pontificem
358 1515 456 1571 omnia
481 1515 511 1569 in
529 1513 670 1571 omnibus
693 1510 829 1569 ecelesiis
850 1531 956 1587 posse:
975 1531 1036 1570 non
1057 1523 1104 1570 est

57 1608 88 1666 io
108 1609 172 1680 ejus
195 1619 343 1682 potestate
361 1611 551 1681 permittere,
576 1609 762 1664 eontrarium
779 1608 827 1662 vel
849 1625 907 1663 una
927 1609 1005 1664 horu
1023 1608 1103 1664 fieris

58 1721 117 1758 nee
129 1704 159 1759 in
178 1705 300 1761 ooneilii
320 1712 471 1776 potestate
492 1703 698 1770 contrariom,
717 1713 767 1757 out
786 1704 823 1757 tle
842 1702 981 1758 Romano
999 1702 1105 1759 Ponti.

57 1797 115 1854 fiee
123 1836 134 1868 ,
157 1808 191 1853 ut
212 1798 356 1854 inferiore
378 1813 452 1867 suo,
478 1798 653 1873 disponere,
681 1806 733 1852 sut
754 1798 925 1863 diversum,
951 1807 1002 1852 aut
1027 1797 1106 1855 aliud

58 1900 211 1948 statueret
241 1907 302 1945 nott
327 1891 421 1959 magis
444 1903 547 1959 certe,
576 1906 664 1961 quom
683 1891 712 1945 in
731 1900 876 1964 potestate
896 1892 965 1962 eJ'us·
982 1892 1021 1947 sit
1038 1908 1107 1964 pere

59 1985 181 2039 mittere
200 1993 251 2038 out
276 1994 427 2052 statuere,
453 1994 555 2056 stupra
576 1995 607 2039 et
627 1985 771 2040 adulteria
792 1985 895 2041 lisere.
936 1985 981 2041 Its
996 1984 1106 2054 fiebat,

58 2087 94 2132 ut
109 2078 202 2133 miser
216 2078 359 2134 Romane
374 2081 530 2151 potestatis
547 2088 631 2135 tutor
647 2089 677 2132 et
692 2080 836 2152 patronus
852 2081 1012 2152 primatum
1025 2080 1108 2135 hune

59 2172 138 2227 tueri
156 2189 217 2227 non
238 2183 351 2244 posset,
369 2173 425 2228 nisi
445 2172 666 2245 blasphemaret
679 2182 744 2236 tum
760 2173 994 2230 secretissimum
1008 2173 1109 2230 Nisae.

58 2284 132 2337 num
152 2268 332 2335 concilium,
356 2278 422 2324 tum
440 2270 521 2340 ipsos
538 2268 722 2337 Pontifices,
747 2270 819 2325 dum
840 2286 893 2326 eos
912 2270 1039 2326 solvisse
1054 2270 1107 2340 jus

59 2362 192 2417 divinum
215 2364 351 2419 asseruit.
403 2362 486 2438 Quid
511 2373 556 2420 est
576 2365 751 2420 haereticum
775 2374 805 2419 et
828 2363 1054 2436 blasphemum,
1082 2365 1108 2420 si

59 2455 125 2509 hec
146 2455 275 2511 Eeeiann
296 2458 442 2513 modestia
463 2476 524 2513 non
549 2469 596 2514 est
621 2459 745 2514 haeresis
764 2467 795 2514 et
815 2458 1020 2532 blasphemio?
1050 2459 1109 2513 Serl

61 2549 105 2603 sio
125 2548 206 2618 ioqui
227 2550 334 2618 debet,
353 2552 404 2621 qui
422 2548 575 2622 loquitur,
600 2562 634 2608 ut
654 2555 827 2610 hominibus
848 2554 971 2624 placent.

131 2641 201 2695 Jam
222 2659 291 2696 oum
312 2644 474 2698 concilium
496 2646 690 2714 Africanum,
718 2656 753 2702 ut
772 2647 901 2701 hebetur
921 2647 990 2703 diet.
1008 2649 1053 2705 99.
1073 2644 1109 2700 C.

62 2736 173 2792 Primae
192 2744 268 2800 ete,
294 2735 500 2806 prohibuisset
515 2737 606 2794 Rom.
632 2739 812 2794 Pontificem
832 2739 971 2810 appellari
989 2740 1111 2793 univer.

62 2831 156 2886 salem
176 2829 373 2897 Pontificem,
392 2830 495 2886 dicens
514 2830 543 2884 io
564 2831 796 2888 hunemorlum:
816 2834 991 2892 universalis
1010 2842 1111 2887 sutem

63 2923 210 2982 Pontifex
234 2942 290 2978 nee
311 2924 467 2979 Romanus
491 2924 673 2997 appelletur:
705 2928 756 2984 hic
773 2926 829 2984 sibi
847 2928 1025 2999 temperavit
1044 2927 1111 2999 quie

65 3022 133 3074 dem
157 3037 171 3073 a
195 3019 398 3090 blasphemia,
423 3034 484 3074 non
513 3019 634 3083 dicens,
666 3015 747 3088 quod
773 3023 879 3069 contra
899 3015 951 3084 jus
976 3015 1110 3071 divinum
1163 3058 1166 3065 .

66 3115 143 3169 aliud
167 3114 346 3184 permissum
370 3122 420 3168 snt
442 3122 586 3168 statutum
605 3113 661 3180 sit,
695 3111 747 3166 sed
771 3109 900 3178 glossam
924 3118 1007 3164 eerte
1026 3116 1109 3163 tanto

66 3209 211 3279 theologo
229 3209 346 3277 dignam
369 3209 499 3277 effinxit,
524 3224 613 3280 quam
632 3223 692 3260 non
711 3220 873 3277 ponerem,
890 3204 947 3260 nisi
967 3219 1032 3258 eant
1051 3206 1111 3259 sei.

66 3320 132 3358 rem
164 3304 265 3372 gloriae
298 3304 469 3361 avidissimo
499 3302 675 3374 disputatori
705 3301 901 3365 satisfacere,
931 3309 961 3354 et
982 3297 1111 3369 gloriam

67 3397 234 3453 ahsolutum
254 3399 281 3453 ei
301 3414 416 3469 parere.
458 3398 548 3453 Dixit
570 3399 665 3459 enirn,
692 3396 747 3451 etsi
766 3395 857 3450 Rom.
885 3394 1031 3451 Pontifex
1049 3411 1112 3449 non

67 3492 107 3547 sit
129 3492 319 3563 appellandus
346 3494 521 3551 universalis
548 3492 709 3560 Pontifex,
740 3500 840 3546 tamen
860 3491 999 3563 appellari
1021 3490 1113 3546 tebet

67 3587 243 3643 universalis
263 3586 406 3644 Ecclesiae
425 3588 580 3645 Pontifex.
616 3587 738 3654 Risum,
766 3601 883 3658 quaeso,
900 3595 1020 3650 teneas,
1038 3584 1112 3639 emi.

69 3690 125 3738 ee:
145 3683 208 3738 sine
227 3698 314 3738 suum
332 3683 512 3739 fermentum
534 3685 652 3752 ridere,
671 3698 761 3738 nemo
783 3683 861 3736 enim
882 3682 998 3759 dignius
1016 3679 1113 3734 rideat

68 3777 106 3831 stl
124 3786 184 3831 tom
202 3779 347 3846 insignem
363 3779 503 3848 glossam.
539 3779 606 3849 Ego
625 3779 741 3849 glorior
759 3793 808 3832 me
826 3787 873 3833 tot
891 3774 1031 3848 expensis
1050 3789 1113 3830 nott

70 3871 182 3926 frustra
196 3873 302 3943 Lipsiae
322 3884 488 3944 moretum,
513 3876 618 3930 saltem
639 3876 700 3931 hoe
718 3873 873 3930 didicisse:
898 3887 959 3926 non
982 3877 1028 3923 est
1049 3868 1115 3923 uni.

70 3967 208 4030 versilis.
233 3979 391 4024 esttamen
408 3970 583 4029 universalis
601 3969 746 4026 Ecclesise
760 3968 941 4040 Episcopus.
975 3963 1048 4018 Non
1068 3969 1114 4023 eet
