2574 4732
543 352 633 414 1521.
1053 357 1114 424 683

68 504 213 574 insignem
235 501 400 560 Silvestrini
429 502 564 573 Registri
594 514 880 564 consummatorem.
928 508 1010 586 Quid
1040 515 1114 572 mibi

67 594 231 671 (inquies)
247 597 393 653 insulsum
412 597 502 653 istum
520 610 551 654 et
569 600 729 666 stolidum,
749 601 865 672 dequo
884 602 961 659 bene
981 607 1115 664 diceres:

66 704 135 748 toto
163 706 225 747 uon
251 700 298 746 est
324 706 456 763 corpore
487 693 565 748 mica
592 694 687 749 salis?
710 693 910 766 Respondeo:
937 707 968 753 et
990 710 1023 755 tu
1042 702 1114 773 quid

64 786 149 841 illum
169 786 204 840 ad
226 802 276 841 me
295 786 421 853 misisti,
446 802 482 840 au
504 803 565 841 non
583 803 658 843 mox
675 787 814 857 Peguitio
835 798 890 845 tuo
908 799 961 847 ιιιιι
981 793 1114 852 Vulcano

64 880 303 948 commendasti,
328 896 365 934 ne
389 888 436 935 tot
465 879 559 934 bores
582 882 654 936 mibi
680 881 712 935 in
739 897 777 937 eo
802 882 929 951 legendo
953 887 1114 957 perderes,

65 987 138 1044 quas
160 974 267 1029 melius
293 973 417 1029 fuissem
440 974 567 1044 partitus
591 974 621 1029 in
649 975 753 1030 ludum
775 976 904 1046 aliquem
924 977 1114 1036 circulatoris

65 1076 116 1122 aut
139 1066 463 1139 compotatiunculam,
489 1076 522 1122 ut
546 1068 591 1122 sic
615 1068 692 1125 Italo
716 1070 778 1124 eale
803 1086 852 1125 me
873 1071 971 1142 ipsum
991 1073 1114 1142 saliam,

64 1176 154 1232 quem
176 1163 247 1217 dum
269 1162 490 1233 sterquilinium
515 1161 681 1217 verborum
708 1162 914 1220 verbosissimi
940 1174 971 1220 et
993 1166 1122 1221 melodi..

63 1253 176 1309 cissimi
190 1254 360 1310 Tbomistaa
374 1253 542 1325 perlustro,
569 1254 598 1311 in
613 1257 711 1311 coeno'
721 1257 782 1313 istc
798 1273 880 1329 paene
899 1274 992 1329 pereo
1009 1259 1112 1316 miser.

63 1346 200 1403 Talionis
218 1347 290 1418 jure
309 1363 377 1403 eum
397 1347 524 1419 recipis,
543 1364 581 1402 ne
596 1350 737 1421 deinceps
757 1350 821 1421 ejus
839 1352 957 1420 generis
976 1360 1114 1425 portenta

63 1440 100 1495 ad
117 1456 165 1495 ene
181 1441 285 1496 venire
298 1457 404 1508 cures,
422 1442 505 1514 quasi
520 1458 581 1497 non
597 1444 669 1499 setis
685 1443 794 1500 babeat
810 1444 973 1502 Germania
985 1446 1113 1503 deliren.

61 1535 138 1590 tium
154 1535 321 1592 Eeciorum
342 1544 373 1591 et
393 1534 593 1592 Emserorum
615 1546 646 1592 et
665 1537 769 1593 infiniti
793 1539 874 1608 vulgi
894 1539 1113 1612 sophistarum.

63 1629 145 1685 Cave
170 1630 322 1702 denique,
352 1646 391 1684 ne
411 1630 441 1685 'et
459 1631 521 1686 boc
542 1631 640 1702 ipsum
663 1640 782 1688 stercus
803 1631 911 1689 Endor
930 1650 1052 1703 regeras
1079 1635 1110 1690 in

61 1738 129 1791 me,
147 1724 257 1796 alioqui
275 1740 329 1796 per
348 1724 443 1794 ipsam
465 1722 704 1780 Oatbarinianam
724 1727 898 1798 sapientiam
913 1726 1003 1797 juro,
1021 1726 1113 1784 toties

61 1816 140 1873 inte
158 1817 335 1888 rejicietur,
362 1819 460 1873 donec
478 1811 509 1873 in
529 1830 560 1874 te
575 1818 692 1873 lisereat
709 1818 816 1875 ultimo
834 1830 886 1875 ιιιιι
905 1820 984 1874 inter
996 1820 1113 1891 jectan.

61 1910 134 1966 dum
152 1920 322 1967 evanescat.
614 1978 617 1985 .
1103 1956 1106 1961 .

128 2003 223 2058 Rides
241 2013 272 2060 et
290 2004 396 2075 jocum
420 2006 596 2063 existimast
623 2005 742 2061 Utinam
764 2013 798 2062 ιιι
815 2006 938 2062 ridenda
957 2015 1004 2062 est
1021 2007 1112 2077 hujus

59 2095 126 2154 Itali
148 2096 314 2159 stoliditas.⁴
332 2099 371 2153 ita
391 2099 616 2155 Germanorum
635 2097 735 2156 nullus
753 2101 836 2156 serio
854 2100 923 2156 talis
937 2100 1112 2171 insipientiae

58 2191 239 2259 contagione
254 2191 477 2263 corriperetur.
513 2195 555 2248 At
572 2194 806 2249 summotenus
823 2193 965 2265 quicquid
983 2194 1031 2248 vel
1051 2195 1111 2249 Ita.

58 2283 105 2339 liae
131 2285 179 2339 vel
203 2284 309 2340 Romae
335 2284 455 2340 nomine
478 2286 664 2357 jactaretur,
694 2285 861 2344 incredibili
886 2295 1011 2360 stupore
1039 2288 1110 2344 loco

56 2378 188 2433 numinis
206 2378 449 2446 adoraverimus,
468 2380 558 2450 idque
573 2379 715 2437 homines
733 2381 774 2436 ilii
796 2381 916 2451 egregie
935 2381 1062 2438 fastuosi
1080 2388 1111 2438 et

58 2469 246 2542 superciliosi
265 2472 433 2539 sentirent,
458 2473 542 2544 quasi
565 2483 743 2546 perpetuum
768 2474 827 2528 illis
849 2473 1013 2530 Germania
1034 2473 1110 2528 ludi.

57 2564 157 2618 brium
177 2563 277 2617 initura
295 2565 351 2619 sit:
376 2566 539 2634 impudenti
559 2565 659 2621 ironte
678 2565 788 2620 audent
806 2564 895 2620 nobis
914 2565 1012 2620 adbuc
1032 2581 1109 2635 quo.

57 2656 130 2712 tidie
149 2654 276 2710 ioediora
292 2666 428 2727 portenta
445 2656 627 2724 obtrudere,
653 2657 752 2712 adbuc
770 2656 899 2723 bestias,
926 2657 1025 2712 adbuc
1042 2656 1111 2711 bar.
1207 2656 1210 2663 '

10 2815 12 2818 y
55 2745 170 2818 b'aros,
188 2747 287 2803 adbuc
313 2756 439 2803 truncos
460 2764 517 2803 noa
537 2763 604 2803 esee
624 2750 688 2804 sine
707 2747 765 2802 fine
787 2749 948 2805 somnient.
963 2770 965 2776 ·
983 2749 1109 2805 Interim
1219 2778 1225 2790 ·

55 2843 156 2898 divine
179 2841 367 2914 providentia
393 2841 527 2897 tenebris
550 2840 749 2914 palpabilibus
773 2839 896 2911 obruti,
923 2857 985 2896 non
1007 2842 1110 2898 vident

55 2951 125 2992 sese
150 2935 199 2992 bis
224 2934 337 2991 bestias
360 2933 440 3002 deri,
467 2935 518 3008 qui
546 2951 616 2990 cum
643 2952 714 3005 rege
738 2950 799 2992 suae
821 2934 982 3006 Babylonis
998 2935 1107 2992 tritico

55 3029 164 3102 privati
184 3029 297 3084 ioenum
317 3029 397 3084 sicut
416 3027 475 3084 bos
494 3028 669 3084 comedunt.
704 3028 823 3084 Prodiit
845 3028 925 3108 enim
947 3028 1109 3096 silvester,

57 3141 93 3179 ac
112 3123 192 3179 sieut
207 3136 301 3181 sorex
310 3121 449 3190 mutivit,
468 3137 505 3176 nc
522 3135 596 3176 mox
611 3122 718 3194 periit:
736 3130 861 3178 secutus
879 3130 928 3176 est
948 3121 1108 3191 Cajetanua

56 3217 129 3271 ille:
156 3223 305 3272 sacratum
329 3213 433 3286 implet
458 3229 618 3271 numerum
645 3214 849 3283 (latinarious,
878 3214 1107 3272 Tbcmisterum

51 3306 117 3381 jem
132 3311 253 3366 tertius.
287 3308 325 3364 tti
347 3307 546 3365 Thomisticaa
563 3308 706 3364 fectionis
726 3307 756 3375 in
781 3306 865 3362 Italia
889 3323 1060 3378 proceres,
1089 3323 1107 3364 e

56 3400 167 3473 quibus
193 3403 266 3458 alios
289 3417 395 3460 omnes
416 3402 522 3458 licebit
543 3403 701 3458 aestimare.
729 3400 857 3473 ¹Neque
884 3402 964 3457 enim
989 3417 1007 3456 e
1031 3401 1106 3458 iace

55 3494 137 3564 vulgi
157 3496 305 3567 prodeunt
318 3497 353 3552 hi
372 3496 532 3563 scarabei,
551 3496 604 3552 sed
621 3495 682 3551 alto
699 3494 738 3550 de
754 3495 897 3564 sanguim
907 3493 1008 3552 Troes
1023 3493 1107 3550 Tro.

51 3588 151 3660 jaeque
176 3597 372 3658 astyanactes.
413 3588 495 3665 Quid
519 3589 602 3661 ipsos
625 3588 778 3661 Trojanca
809 3586 1046 3657 aestuabimus,
1079 3586 1106 3645 si

55 3684 132 3739 tales
150 3697 257 3739 eorum
274 3691 345 3739 eunt
361 3683 538 3740 Hectores?
993 3673 996 3678 ’

121 3776 190 3832 iloe
208 3791 284 3831 vero
304 3774 426 3832 unicum
448 3793 547 3849 operae
570 3776 629 3834 fuit
648 3774 775 3850 pretium
795 3774 904 3844 legisse
931 3772 1103 3830 sordidissi.

55 3886 177 3927 morum
199 3869 319 3934 libros,
346 3879 379 3923 ιιι
397 3869 653 3942 intelligeremus,
677 3886 740 3944 quc
760 3868 904 3938 ingenio,
926 3883 985 3939 qua
1004 3868 1104 3924 erudi.

52 3965 156 4033 tione,
187 3979 246 4036 qua
267 3963 439 4031 modestia,
473 3981 532 4036 qua
555 3965 684 4038 denique
701 3963 887 4020 humanitate
909 3962 949 4017 illi
969 3977 1026 4017 noe
1046 3962 1102 4018 sibi

53 4057 167 4114 bestias
192 4057 444 4129 comparaverint.
485 4057 565 4126 Nam
589 4057 672 4113 bunc
697 4056 894 4112 Cntbnrinurn
926 4055 1006 4110 nulla
1037 4056 1103 4110 lere
