2574 4732
123 306 183 382 ast
601 312 696 422 mn.

192 467 248 525 set
265 469 336 540 quid
350 483 435 539 agam
452 467 573 526 beatiss.
594 469 708 528 Pater?
724 471 845 530 Desunt
859 473 932 532 mihi
946 477 1068 534 consilia
1082 494 1177 550 pror.

121 579 195 620 eus:
219 573 400 634 potestatem
425 563 475 618 irae
496 572 555 618 tuas
580 564 659 621 ferre
682 582 744 622 non
764 583 909 638 possum.
935 580 966 624 et
991 576 1176 642 quomodo

101 687 106 695 ·
120 656 244 728 eripiar,
263 656 381 724 ignoro.
404 656 646 714 Revocationem
659 661 838 733 expostuler
854 663 1079 736 disputationis:
1099 684 1170 737 quas

118 752 145 808 si
165 751 193 804 id
215 763 317 821 posset
337 764 505 821 praestare,
534 754 619 824 quod
637 770 692 827 per
713 771 781 810 eunt
805 757 971 827 quaeritur,
998 760 1061 814 sinc
1080 775 1172 815 mora

118 858 175 912 ego
199 854 370 915 praestarem
394 861 468 900 eam.
504 842 596 902 Nune
616 858 716 902 tutem
737 864 805 902 cum
825 849 1031 907 resistentibus
1050 863 1080 907 et
1097 871 1172 924 pre.

115 938 268 994 mentibus
284 939 485 1009 adversariis,
501 942 616 1012 scripta
635 955 699 996 mee
716 939 804 996 latius
825 954 987 1012 vagentur,
1006 957 1097 1014 quam
1111 963 1170 1000 nn.

116 1040 206 1102 qnam
233 1048 451 1103 speraveram:
484 1034 574 1088 simul
598 1035 778 1104 prolanditas
800 1035 942 1092 haeserint
967 1026 1168 1108 plurimorum

115 1126 239 1192 animis,
259 1141 349 1196 quam
364 1134 398 1180 ut
413 1128 553 1182 revocari
565 1126 698 1198 possint:
718 1129 791 1200 quin
802 1144 874 1186 cum
886 1130 1048 1188 Germania
1063 1143 1167 1188 noatm

115 1218 210 1275 hodie
229 1218 304 1272 mire
320 1219 424 1274 lloreal
438 1218 562 1299 ingeniis
570 1239 585 1282 a·
600 1220 789 1292 eruitione,
800 1223 937 1294 judicio:
954 1226 980 1281 ni
998 1222 1168 1282 Romanam

115 1309 285 1369 Ecclesiam
303 1307 374 1368 volo
398 1311 567 1370 honorare:
595 1314 625 1370 id
648 1328 748 1388 quatu·
760 1317 982 1372 maximemilri
999 1321 1166 1377 curandum

76 1458 80 1469 ,
116 1404 234 1474 ¹tideo,
260 1422 296 1461 nr
322 1407 393 1478 qnid
414 1407 476 1461 ullo
500 1407 593 1464 modo
617 1421 775 1478 revocem
819 1406 999 1488 uentano
1018 1424 1166 1469 resecare

114 1502 189 1556 nihil
210 1499 312 1568 fieret,
333 1501 388 1556 nisi
406 1497 576 1557 Ecclesiam
593 1499 761 1567 Romanam
777 1504 871 1574 magis
887 1518 923 1559 ac
940 1505 1032 1574 magis
1052 1504 1165 1564 foedare

115 1606 145 1651 et
164 1596 194 1651 in
212 1611 265 1650 ora
285 1596 420 1651 omnium
438 1579 595 1652 homiuum
613 1599 811 1654 accusandam
828 1593 957 1654 tradere.

184 1688 231 1745 Illi
252 1690 310 1760 illi,
342 1692 402 1747 lieu
421 1688 542 1746 bestias.
560 1687 669 1765 Buten,
692 1691 773 1748 hane
792 1688 937 1749 Ecclesiae
958 1689 1166 1765 Romanuin.

112 1783 246 1865 tulerunt
263 1784 400 1856 injuriam
416 1794 446 1839 et
468 1800 549 1856 paene
569 1780 721 1841 infamiam
736 1787 815 1858 apud
829 1801 884 1842 nos
898 1784 928 1842 iu
940 1783 1101 1843 Germania
1111 1786 1124 1819 ⁰
1134 1782 1164 1855 ),

65 1870 67 1879 ⁴
113 1879 224 1951 quibus
248 1895 305 1948 ego
334 1879 450 1960 restitip
473 1877 502 1946 id
524 1888 589 1948 est,
616 1880 668 1950 qui
685 1879 847 1937 lusutstmla
868 1880 929 1936 suia
951 1879 1164 1950 sermcnlbm,

113 1973 168 2028 sub
186 1974 307 2028 nomine
325 1973 523 2029 Beatitudinis
544 1984 613 2041 tttae,
632 1989 695 2028 non
716 1974 772 2029 nisi
794 1973 989 2045 deterrimam
1008 1974 1163 2029 avaritiam

112 2066 293 2133 coluerunt,
311 2076 342 2120 et
358 2065 526 2136 opprobrio
543 2066 671 2137 Aegypti
688 2067 924 2122 coenulentam
944 2074 977 2121 et
990 2065 1162 2122 abominata.

112 2158 181 2213 dam
198 2157 392 2213 reddiderunt
404 2156 690 2213 senctfficalionem:
719 2168 750 2214 et
768 2157 903 2230 quasiid
921 2172 981 2212 non
999 2159 1162 2216 satisfuerit

110 2250 279 2315 malorum,
301 2264 371 2316 me,
399 2250 450 2320 qni
471 2250 560 2304 tantis
579 2265 686 2304 eorum
701 2251 846 2307 monstris
863 2249 1005 2316 occurri,
1021 2260 1159 2304 autorem

111 2358 173 2403 attat
192 2341 369 2398 temeritatis
387 2342 464 2414 apud
482 2342 568 2398 Beat.
586 2353 667 2398 tuam
685 2344 848 2416 inculpant.

148 2414 301 2503 ..Num
329 2434 450 2492 beatiss.
466 2426 582 2505 Pater,
606 2450 710 2493 eoram
729 2437 800 2494 Deo
818 2445 849 2494 et
870 2445 936 2493 tola
952 2444 1089 2492 creatura
1105 2450 1160 2493 sua

110 2539 235 2595 letters
257 2546 306 2586 me
324 2547 422 2602 neque
447 2530 578 2586 saluisse
597 2547 695 2603 neque
718 2533 812 2588 hodie
833 2530 1077 2588 cellcsscclesia
1096 2528 1160 2586 lto.

109 2624 205 2684 manae
230 2643 264 2682 ac
289 2625 372 2682 Beal.
396 2637 455 2681 tuat
474 2633 656 2696 potestatem
675 2626 737 2681 ullo
760 2627 854 2687 modo
873 2635 997 2695 tangere
1020 2636 1070 2680 aut
1088 2624 1162 2695 qum

111 2738 232 2794 cunque
253 2721 386 2778 versutia
413 2721 573 2776 demoliri:
603 2722 676 2792 quin
700 2718 872 2793 plenissime
896 2720 1046 2777 confiteor
1071 2719 1162 2789 hujus

109 2810 256 2871 Ecclesiae
277 2825 457 2885 potestatem
481 2831 547 2870 essa
568 2831 659 2884 super
681 2816 795 2871 omnia:
826 2831 883 2870 neo
901 2816 928 2871 ei
944 2814 1162 2887 praeferendum

110 2909 272 2979 quidquam
293 2910 357 2964 sive
386 2909 415 2965 in
438 2909 516 2965 emin
541 2908 607 2964 sive
629 2910 659 2964 in
678 2917 781 2978 terra,
805 2916 914 2980 prater
937 2922 1030 2963 amem
1052 2904 1159 2960 desum

111 3001 268 3057 Christum
285 3002 454 3059 Dominum
470 3004 627 3059 omnium:
644 3018 704 3059 neo
719 3002 804 3059 Beat.
823 3012 874 3068 tata
890 3001 960 3056 ullis
977 2997 1064 3054 malie
1083 2997 1161 3053 dolis

109 3097 214 3149 credat
225 3133 237 3157 ‚
253 3096 308 3165 qui
324 3096 411 3150 aliter
431 3097 468 3151 de
488 3095 626 3152 Luthero
642 3085 678 3164 d)
706 3098 769 3152 hoe
785 3095 1004 3149 machinantur.

178 3186 219 3241 Et
240 3188 322 3258 quod
347 3189 489 3243 nnumin
509 3189 790 3246 ielacausatacere
814 3200 956 3260 possum,
983 3185 1160 3258 promittam

107 3278 306 3334 libentissime
327 3278 411 3336 Beat.
439 3290 521 3350 tuse,
549 3282 636 3339 islam
656 3282 694 3337 de
718 3280 908 3349 indulgentiis
936 3281 1091 3335 materiam
1109 3295 1160 3334 me

109 3372 250 3442 deinceps
273 3371 471 3440 relicturum.
490 3376 666 3449 penitusque
683 3374 849 3431 taciturum
868 3373 989 3439 (modo
1005 3383 1035 3427 et
1055 3373 1161 3428 adver..

108 3465 178 3524 sarii
198 3466 257 3520 mei
279 3481 346 3520 suas
368 3482 459 3522 vanas
476 3471 621 3539 ampullae
636 3467 824 3533 contineant)
837 3466 879 3538 e),
904 3467 1056 3522 editurum
1079 3467 1162 3522 deni·

111 3574 172 3631 que
189 3559 219 3613 in
237 3559 359 3628 tulgus,
379 3576 440 3631 quo
459 3561 624 3631 intelligant
637 3571 670 3618 et
683 3545 924 3631 moveanturfl,
939 3570 974 3615 ut
991 3560 1159 3632 Romanam

161 3809 191 3859 e)
223 3794 481 3868 autogr-inii·

164 3891 196 3943 d)
225 3892 298 3936 lut.
320 3889 440 3937 Merttno.
515 3916 518 3921 ·

164 3976 194 4020 e)
222 3970 293 4016 Aut.
318 3968 454 4016 cohibeant.

163 4048 176 4092 l
184 4054 191 4096 l
221 4051 293 4095 Aut.
317 4059 472 4098 utaneautttt.
