2574 4732
172 358 234 420 m
647 346 745 419 tstsl·

169 508 257 566 amici
283 514 391 575 rogatu
414 523 606 579 sermonem,
642 526 733 582 quem
761 508 826 566 scio
854 493 1025 583 pervenisse
1048 511 1079 566 in
1106 526 1214 568 manue

168 604 317 675 (propter
334 619 412 675 quos
429 603 602 675 suspicabar
619 614 690 659 tum*
705 621 720 658 a
738 621 787 659 me
803 603 951 677 petitum)
973 606 1101 660 heroum
1119 605 1212 659 Bran.

167 697 433 766 &eburgensium
448 698 499 752 ubi
522 698 550 753 id
570 698 630 768 egi,
648 715 686 752 ne
701 699 905 769 susciperetur
920 699 981 754 ullo
996 698 1087 754 modo
1100 698 1213 754 bellum

166 791 354 862 hujusmodi.
401 792 436 847 Iu
460 808 516 864 qna
544 793 689 847 sententia
708 791 812 846 adhuc
839 808 927 860 aum,
953 792 1010 848 nisi
1036 791 1212 848 melioribus

167 886 256 941 fuero
276 900 410 941 mutatus
433 885 577 941 elenchis.
624 885 659 940 Io
682 885 786 941 eadem
808 896 854 942 est
880 884 1024 942 Erasmus
1051 886 1081 941 in
1111 886 1212 941 multia

165 980 258 1048 locis,
277 981 356 1036 sicut
374 980 482 1035 melius
503 981 583 1035 nosti
593 1019 603 1047 ,
622 995 710 1050 quam
726 996 794 1049 ego.
829 979 910 1036 Mihi
932 981 1028 1036 visum
1043 989 1104 1048 est,
1122 981 1146 1034 ai
1164 980 1214 1033 ad.

165 1090 274 1130 versus
299 1073 418 1130 Turcas
445 1074 566 1153 omnino
589 1075 777 1144 pugnandum
796 1083 858 1141 est,
884 1074 1007 1130 anobis
1024 1075 1151 1146 primum
1169 1073 1214 1128 ia·

166 1168 336 1239 cipiendum
348 1183 426 1223 esse.
452 1156 574 1223 Frustra
589 1166 662 1223 ioris
677 1167 827 1222 bellamus*
834 1169 963 1223 carnalia
977 1167 1075 1236 bella,
1093 1169 1211 1239 quando

165 1260 247 1316 domi
270 1275 446 1332 superamur
464 1259 667 1331 spiritualibus
684 1260 781 1316 bellis.

232 1354 351 1410 Deinde
376 1354 456 1426 quod
481 1369 537 1408 uec
565 1353 593 1406 in
620 1355 714 1409 veteri
735 1371 791 1409 nec
816 1371 897 1410 novo
921 1361 1102 1410 testamento
1120 1354 1213 1410 ullum

165 1458 283 1516 gestum
308 1455 353 1503 est
377 1446 489 1501 bellum
518 1445 655 1503 humanis
679 1448 810 1516 viribus,
836 1448 891 1503 uisi
913 1463 1032 1518 semper
1050 1448 1214 1502 infeliciet

166 1542 248 1598 foedo
263 1551 390 1597 eventu:
416 1542 441 1596 si
460 1541 530 1613 quid
546 1552 644 1596 autem
663 1551 746 1596 recte
764 1542 876 1605 cessit,
896 1542 933 1595 de
953 1541 1030 1595 culo
1050 1541 1106 1594 luit
1122 1540 1214 1594 bella.

165 1645 248 1697 tum,
269 1645 302 1690 ut
323 1651 443 1706 possem
459 1637 667 1708 copiosissime
682 1637 803 1693 docere.
839 1635 968 1709 Quando
987 1642 1084 1687 autem
1101 1633 1214 1688 Roma.

164 1745 201 1783 na
219 1730 301 1784 curia
318 1731 409 1785 hodie
428 1731 562 1785 omnium
579 1730 749 1785 'I'urcarum
764 1745 906 1802 superans
924 1727 1106 1798 tyrannidem
1127 1726 1215 1791 (tan.

165 1822 204 1877 tis
233 1825 377 1879 monstris
397 1833 503 1879 contra
526 1823 683 1880 Christum
706 1835 736 1880 et
760 1826 824 1894 ejus
846 1821 1011 1878 Ecclesiam
1032 1820 1163 1894 pugnat)
1184 1830 1215 1875 et

165 1915 273 1972 Clerus
294 1917 323 1970 in
343 1918 492 1983 avaritiae,
510 1901 701 1985 ambitionis,
721 1927 751 1973 et
768 1918 894 1977 luxuriae
910 1918 1060 1989 profundo
1077 1916 1215 1971 submer-

161 2023 216 2065 sus
240 2023 307 2077 est,
333 2021 363 2065 et
388 2011 556 2079 miserrima
585 2011 624 2066 sit
649 2011 759 2083 ubique
781 2012 873 2067 iacies
893 2009 1056 2066 Ecclesiae:
1082 2027 1143 2065 non
1169 2021 1216 2069 est

162 2116 233 2172 spes
255 2100 325 2154 boni
345 2101 415 2154 balli
440 2112 489 2155 aut
508 2102 604 2157 felicis
624 2084 768 2158 aictoriac.
804 2084 890 2172 Deus
920 2099 1086 2172 (quantum
1100 2104 1213 2172 video)

160 2206 268 2247 contra
284 2209 340 2259 nos
357 2205 481 2260 pugnat:
499 2193 550 2247 hic
567 2194 697 2263 primum
713 2203 793 2248 esset
811 2196 1024 2262 expugnandus
1041 2195 1213 2264 lachrymis,

67 2308 72 2313 ·
160 2287 245 2356 puris
264 2285 461 2352 orationibus,
480 2295 581 2340 sancta
597 2287 675 2353 vita,
693 2297 722 2339 et
739 2285 796 2339 lide
811 2300 893 2354 pura.
930 2286 987 2340 Sed
1003 2286 1039 2339 de
1054 2286 1115 2340 hoo
1128 2287 1210 2343 alias.

157 2420 161 2427 .
214 2376 442 2445 Wirtenabergae
460 2379 523 2432 sine
536 2377 628 2434 dubio
645 2377 772 2432 manebo
787 2386 948 2449 expectans
961 2378 1102 2432 Romanae
1116 2378 1211 2434 iuleli.

162 2473 261 2529 citatis
286 2484 512 2539 argumentum,
531 2489 700 2543 quanquam
720 2488 823 2542 spero,
842 2471 890 2525 vel
914 2471 1105 2526 conscientiae
1129 2485 1210 2527 iaetu

161 2585 222 2622 non
241 2566 468 2638 praecipitabunt
488 2568 634 2621 furorem.
668 2567 719 2621 De
738 2564 932 2638 appellatione
954 2564 1067 2634 figenda
1088 2566 1211 2621 ubilibet

162 2665 318 2717 consulam
333 2661 542 2730 jurisperitos.

230 2757 406 2810 Sermonem
426 2754 644 2818 Vinarirnsem,
666 2771 755 2827 quem
770 2754 867 2825 petis,
885 2755 1003 2825 penitus
1017 2769 1084 2809 sum
1101 2754 1211 2810 oblitus

107 2918 116 2940 κ
162 2850 218 2905 nisi
240 2867 297 2904 una
322 2853 374 2903 vix
400 2850 512 2920 reliqua
540 2851 665 2906 lacinia:
695 2866 728 2903 ea
752 2860 814 2911 est,
834 2851 914 2920 quod
939 2861 1040 2904 certus
1060 2865 1144 2917 sum,
1163 2866 1211 2902 mc

163 2944 307 2997 adversus
327 2943 501 3012 hypocritas
526 2953 555 2998 et
572 2944 751 3012 justitiarios
771 2943 966 3012 Evangelium
986 2951 1129 2998 tractasse
1153 2942 1214 3011 (si.

164 3044 215 3088 cut
236 3037 334 3089 ontuia
356 3037 488 3103 soleo),
516 3053 645 3107 quorum
665 3039 693 3092 in
716 3053 749 3090 ea
777 3037 859 3090 curia
880 3053 973 3091 unum
992 3037 1100 3091 eximie
1124 3037 1212 3105 iusig.

163 3143 232 3182 nem
254 3128 342 3181 novi:
369 3130 421 3183 sed
447 3131 500 3183 etsi
520 3147 581 3184 non
602 3133 769 3194 nominem,
799 3140 832 3183 tu
853 3146 974 3201 quoque
993 3130 1084 3185 nosti.
1126 3129 1211 3186 Nihil
1249 3123 1255 3131 ’

163 3222 243 3274 enim
257 3221 442 3289 magnatibus
453 3232 483 3275 et
494 3225 667 3294 potentibus
682 3224 839 3280 nocentius
850 3225 908 3279 isto
920 3241 1029 3292 genere
1044 3223 1212 3293 hominum,

163 3314 232 3391 qui,
252 3330 321 3368 cum
341 3330 466 3384 prorsus
483 3315 555 3370 uiltil
570 3318 745 3384 didicerint,
769 3317 878 3370 docent
895 3325 995 3370 tamen
1008 3317 1107 3370 omnia
1122 3318 1212 3372 etiam

162 3405 337 3473 augelorum
364 3408 507 3481 quasdam
532 3410 701 3477 religiones.
743 3406 847 3476 Hisb)
866 3409 1008 3463 institutis
1029 3410 1094 3462 data
1120 3427 1213 3481 opera

162 3498 245 3555 volui
263 3499 487 3553 contravenire.
520 3500 558 3566 c)
578 3504 711 3558 Tantum
731 3503 806 3557 scio.
840 3500 931 3556 Dabo
958 3511 1056 3555 tamen
1076 3517 1210 3571 operam,

163 3593 274 3662 siquid
298 3591 423 3662 amplius
445 3596 591 3649 inemoria
608 3595 734 3664 habeat,
763 3605 793 3650 et
818 3595 935 3649 mittam
953 3605 1064 3666 quanto
1086 3611 1211 3665 possum

164 3687 271 3754 citiusa
296 3685 349 3741 sed
368 3685 444 3741 heus
465 3703 501 3741 eo
524 3700 613 3758 pacto
636 3706 674 3744 nc
694 3705 726 3746 tu
745 3704 867 3762 quoque
886 3704 935 3744 me
950 3688 1047 3745 rideas
1070 3698 1211 3763 tanquam

170 3862 690 3888 Μ

218 4004 250 4051 bi
276 4000 378 4050 ilarii
402 4002 464 4051 cod
487 4002 649 4060 Jemltulus.

217 4087 246 4136 el
274 4083 388 4139 Μού.
408 4083 562 4146 ,launi-et.
