2574 4732
166 361 247 448 ιιι,
657 367 752 437 isis:

176 520 345 578 morituros
364 517 517 589 praedicit,
543 526 575 575 et
594 527 696 578 tamen
712 539 773 578 non
789 522 961 596 perituros:
984 524 1142 580 nonenim
1163 528 1238 584 sue.

176 615 288 670 citatur
305 629 322 666 e
338 624 440 669 morte
456 614 514 670 nisi
531 623 692 681 mortuus.
710 633 804 688 quare
822 619 934 688 mortui
954 636 1015 674 non
1034 631 1161 691 pereunt
1173 622 1236 692 iiii,
1251 691 1253 695 Ι

167 707 353 765 sectivum
372 708 398 762 ei
417 708 527 767 omnia.

245 801 274 879 §i
292 817 370 856 nuuc
388 817 521 874 quaerus:
540 818 605 874 quae
623 811 670 859 est
688 802 746 874 istu
759 805 907 879 ΙιιοΙιιιιιιιε
924 805 1044 864 Patris?
1064 807 1135 879 quiti
1150 824 1234 878 pree.

174 894 297 968 scribit,
325 912 386 967 quo
406 896 487 951 iacto
505 895 541 950 ud
558 905 594 950 te
613 897 708 953 veniri
732 906 762 952 et
787 899 840 955 tibi
863 900 942 969 duri,
968 917 1029 954 nou
1055 901 1137 971 ejici,
1161 917 1231 956 oon

174 990 271 1063 perdi,
290 990 342 1044 sed
355 988 469 1043 servari
484 996 515 1042 et
530 989 703 1048 resuscitari
716 996 906 1049 mereamur?
924 993 991 1065 ῌοο
1001 994 1064 1063 jam
1080 993 1230 1065 ponit⁰):

173 1083 240 1139 herc
255 1090 299 1139 est
310 1088 411 1157 autop
431 1078 570 1136 counias
592 1079 699 1137 Patris
716 1083 789 1149 mei,
813 1086 870 1157 ,qui
883 1086 969 1142 misit
987 1102 1053 1149 me,
1073 1069 1107 1141 ut
1124 1086 1230 1144 omnis

172 1178 226 1252 qui
241 1173 434 1240 uidetfilium
446 1181 476 1227 et
488 1173 583 1229 credit
599 1175 632 1230 ist
650 1190 734 1244 eum,
760 1173 873 1233 habeat
889 1178 984 1234 uitam
1002 1187 1173 1249 eternam,
1196 1188 1229 1235 et

173 1288 230 1347 eqo
245 1263 429 1324 resuscitabo
446 1283 512 1322 eum
529 1267 563 1323 in
578 1269 742 1324 nouissimo
758 1268 815 1325 die.

240 1361 340 1418 Hebes
364 1377 445 1436 nuuc
468 1362 539 1433 quid
564 1363 603 1419 sit
626 1364 731 1419 venire
747 1365 783 1420 sti
803 1361 976 1434 Christum,
1003 1367 1145 1438 exposuit
1166 1383 1226 1424 vo.

168 1459 318 1515 Juntutcm
333 1454 453 1524 Putris,
472 1456 544 1528 quid
565 1457 652 1526 velit,
669 1444 776 1530 ue'mpe
793 1459 897 1513 venire
917 1460 952 1514 ud
976 1458 1152 1527 Christum,
1172 1473 1225 1519 cst

173 1553 277 1629 videre
304 1566 372 1605 eum
396 1559 427 1606 et
446 1551 572 1607 credere
590 1551 620 1608 in
641 1568 727 1607 eum:
746 1559 776 1606 ct
796 1568 857 1607 nou
878 1552 962 1622 ejici,
981 1569 1043 1608 non
1061 1554 1144 1624 perdi
1166 1571 1225 1610 vo.

147 1647 287 1708 ,luntate
310 1645 430 1712 Petris,
453 1644 517 1702 hoc
539 1654 606 1717 cst,
628 1630 769 1702 aeteruem
793 1647 885 1703 vitam
910 1647 1034 1704 hebere.
1072 1645 1223 1704 Voluntas

169 1757 247 1809 ergo
266 1739 374 1817 :Patris
397 1749 460 1809 cst,
488 1748 522 1796 ut
539 1757 662 1811 omues,
686 1742 786 1799 donati
812 1741 957 1806 Christo,
983 1741 1057 1798 salvi
1076 1739 1146 1795 iisut
1163 1758 1223 1813 per

173 1833 330 1890 Christum
348 1837 378 1889 iu
396 1843 552 1892 aeternum.

243 1926 357 1996 Magne
382 1928 474 1982 verbe
497 1938 528 1983 et
556 1930 615 1985 uiio
643 1939 783 2001 tempore
809 1933 882 1987 sutis
908 1938 1057 2000 tractatu,
1084 1932 1164 2002 quod
1181 1928 1221 1998 ⁰)

170 2020 243 2076 fides
268 2020 381 2074 Christi
403 2020 475 2074 satis
499 2024 599 2076 estad
621 2034 763 2079 aeternsm
784 2026 920 2092 sulutem.
962 2025 1034 2081 Non
1063 2027 1152 2094 dicit,
1174 2027 1219 2081 sic

162 2110 336 2185 jejunabis,
355 2111 534 2191 sicarubis,
553 2112 619 2167 haec
635 2125 665 2169 et
679 2115 746 2171 haec
768 2118 877 2185 facies,
897 2118 949 2172 sed
966 2120 1056 2171 crede
1077 2119 1107 2171 in
1124 2119 1217 2173 fliium

168 2215 201 2260 et
224 2203 324 2257 sulvus
350 2203 430 2260 ctis:
460 2203 505 2257 sic
531 2205 596 2260 vult
617 2205 720 2263 Pater.
760 2207 872 2261 Verum
893 2223 931 2261 ne
957 2209 1065 2261 iterum
1090 2211 1217 2264 carnaiis

167 2279 273 2353 sensus
292 2295 385 2349 vitum
413 2296 566 2353 existimet
586 2299 649 2375 duri
670 2290 810 2355 uternam
835 2299 898 2353 sine
920 2307 1020 2350 morte
1044 2301 1214 2368 corporali,

167 2389 302 2464 praedicit
327 2389 493 2445 morituros
515 2390 654 2460 quidem,
679 2393 732 2447 sed
754 2401 852 2446 tamen
871 2403 1001 2447 mortem
1024 2400 1164 2445 aeternam
1178 2392 1214 2460 ι’)

168 2486 352 2546 amissuros.
376 2484 444 2553 quie
466 2485 662 2540 resuscitandi
686 2494 756 2541 suut
779 2486 807 2540 in
832 2486 998 2541 novissimo
1021 2487 1079 2541 die.
1124 2486 1215 2543 Vides

168 2596 257 2652 quam
278 2577 431 2646 Evangelii
451 2577 544 2633 verba
560 2595 593 2634 se
616 2580 678 2651 ipsu
699 2588 869 2651 exponant,
888 2595 1015 2650 suasque
1036 2582 1150 2648 glossas
1169 2597 1216 2635 se.

167 2691 239 2733 cum
257 2661 406 2740 hubesui,
432 2681 467 2727 ut
484 2672 559 2728 nihil
577 2690 702 2729 neccsse
719 2675 758 2728 sit
777 2675 870 2746 aliena
888 2684 919 2730 et
934 2673 1064 2746 humatis
1082 2675 1213 2728 misceri.

245 2768 409 2843 Hucusque
431 2767 537 2822 docuit
559 2768 716 2823 hominem
746 2769 941 2840 spiritualiter
965 2783 1071 2839 sapere
1094 2769 1130 2821 dc
1154 2768 1214 2822 vite

167 2870 199 2918 et
218 2872 339 2929 morte,
365 2870 394 2914 ct
417 2861 515 2916 omniu
540 2871 663 2932 accepta
684 2862 767 2919 Patri
787 2862 911 2930 referri,
940 2877 1056 2931 nosque
1077 2860 1149 2914 nihii
1173 2876 1213 2913 ex

165 2934 256 3010 nobis
276 2955 400 3011 habere.
435 2955 492 3016 Sed
510 2971 591 3010 nunc
612 2957 680 3011 vide
701 2966 731 3011 et
753 2956 874 3030 intentio
894 2954 1042 3021 animum,
1061 2970 1148 3023 quam
1166 2969 1213 3006 us.

166 3058 248 3106 serat
282 3064 475 3110 communem
510 3048 566 3104 eibi
600 3065 670 3104 cum
698 3048 790 3105 Patre
811 3033 1004 3109 'divinitatem
1042 3055 1071 3098 ct
1101 3047 1209 3100 omnia.

165 3141 275 3201 Omnia
301 3145 377 3197 dixit
397 3143 517 3197 volente
542 3142 634 3198 Putre
664 3159 697 3197 se
722 3143 842 3198 iacere:
866 3142 942 3211 ,ideo
975 3156 1034 3193 nou
1066 3138 1208 3202 dubium,

164 3237 234 3307 quin
247 3235 345 3292 Patris
362 3252 453 3305 opera
469 3236 545 3302 sint,
563 3251 628 3307 quae
645 3235 785 3290 Christus
804 3234 892 3300 fecit,
911 3233 1008 3287 sedet
1024 3232 1087 3302 ipse
1106 3233 1210 3286 eadem

164 3345 255 3400 opera
275 3345 341 3382 sese
357 3330 458 3382 iecere
479 3341 679 3398 protestatus,
706 3328 796 3383 dicit:
823 3333 852 3380 et
868 3343 923 3399 eqo
939 3324 1123 3380 resuscitabo
1141 3342 1208 3398 eum

163 3438 185 3477 a
202 3422 341 3475 mortuis.
378 3420 468 3474 Certe
486 3423 578 3476 vitam
596 3423 714 3512 ‹iarcIct
732 3420 913 3477 resuscitare
938 3419 1032 3473 soiius
1058 3419 1117 3474 Dei
1143 3431 1208 3476 est:

163 3532 234 3572 cum
256 3527 354 3568 autem
373 3524 515 3570 unumst
536 3515 615 3569 idem
639 3530 715 3585 opus
735 3515 792 3580 sit,
819 3514 975 3567 manifeste
1002 3522 1100 3583 patet,
1127 3514 1208 3582 quod

165 3611 305 3665 Christus
329 3625 419 3663 verus
445 3607 529 3664 Deus
549 3621 578 3665 et
599 3624 675 3663 unus
695 3622 763 3661 cum
789 3604 880 3662 Patro
899 3606 958 3660 sit:
978 3621 1046 3658 cunt
1069 3623 1128 3658 non
1149 3607 1209 3660 sint

165 3707 225 3762 duo
244 3706 292 3760 dii.
329 3702 369 3759 Et
385 3715 499 3767 temen,
519 3718 589 3760 cum
609 3719 676 3757 sese
698 3688 841 3756 disceruit
864 3699 988 3757 uPutre
1009 3711 1150 3773 tauquam
1171 3701 1208 3755 dc

164 3840 685 3866 Μ

216 3947 249 3991 ιι)
276 3938 343 3990 Jen.
362 3940 390 3988 ÷
407 3936 498 3983 diceus.

214 4024 245 4069 o)
273 4019 301 4064 A.
320 4017 384 4073 quta.

216 4103 248 4151 t)
273 4095 340 4148 Jen.
359 4096 435 4142 vitam
455 4102 566 4142 aeteruum
590 4103 646 4139 nou.
