<?xml version="1.0" encoding="UTF-8"?>
<!DOCTYPE html PUBLIC "-//W3C//DTD XHTML 1.0 Transitional//EN"
    "http://www.w3.org/TR/xhtml1/DTD/xhtml1-transitional.dtd">
<html xmlns="http://www.w3.org/1999/xhtml" xml:lang="en" lang="en">
 <head>
  <title>
</title>
<meta http-equiv="Content-Type" content="text/html;charset=utf-8" />
  <meta name='ocr-system' content='tesseract 3.04.00' />
  <meta name='ocr-capabilities' content='ocr_page ocr_carea ocr_par ocr_line ocrx_word'/>
</head>
<body>
  <div class='ocr_page' id='page_1' title='image "./briefesendschre04luthgoog/briefesendschre04luthgoog_0624.png"; bbox 0 0 2574 4732; ppageno 0'>
   <div class='ocr_carea' id='block_1_1' title="bbox 535 347 1160 425">
    <p class='ocr_par' dir='ltr' id='par_1_1' title="bbox 535 347 1160 425">
     <span class='ocr_line' id='line_1_1' title="bbox 535 347 1160 425; baseline 0.01 -16"><span class='ocrx_word' id='word_1_1' title='bbox 535 400 540 409; x_wconf 83' lang='lat'><em>.</em></span> <span class='ocrx_word' id='word_1_2' title='bbox 584 347 675 413; x_wconf 76' lang='lat'><strong>1521.</strong></span> <span class='ocrx_word' id='word_1_3' title='bbox 966 361 968 366; x_wconf 87' lang='grc'><strong>’</strong></span> <span class='ocrx_word' id='word_1_4' title='bbox 1096 348 1160 425; x_wconf 66' lang='grc'>585,</span> 
     </span>
    </p>
   </div>
   <div class='ocr_carea' id='block_1_2' title="bbox 114 495 1164 1137">
    <p class='ocr_par' dir='ltr' id='par_1_2' title="bbox 114 495 1161 947">
     <span class='ocr_line' id='line_1_2' title="bbox 114 495 1158 576; baseline 0.002 -19"><span class='ocrx_word' id='word_1_5' title='bbox 114 503 352 564; x_wconf 78' lang='lat' dir='ltr'>mercenarium,</span> <span class='ocrx_word' id='word_1_6' title='bbox 382 511 413 557; x_wconf 87' lang='lat' dir='ltr'>et</span> <span class='ocrx_word' id='word_1_7' title='bbox 435 495 520 575; x_wconf 83' lang='lat' dir='ltr'>plene</span> <span class='ocrx_word' id='word_1_8' title='bbox 543 502 636 571; x_wconf 88' lang='lat' dir='ltr'>illud,</span> <span class='ocrx_word' id='word_1_9' title='bbox 655 510 761 559; x_wconf 84' lang='lat' dir='ltr'>contra</span> <span class='ocrx_word' id='word_1_10' title='bbox 785 503 866 573; x_wconf 87' lang='lat' dir='ltr'>quod</span> <span class='ocrx_word' id='word_1_11' title='bbox 890 505 1028 559; x_wconf 84' lang='lat' dir='ltr'>universe</span> <span class='ocrx_word' id='word_1_12' title='bbox 1046 514 1158 576; x_wconf 78' lang='lat' dir='ltr'>pugnat</span> 
     </span>
     <span class='ocr_line' id='line_1_3' title="bbox 115 589 1156 668; baseline 0.006 -19"><span class='ocrx_word' id='word_1_13' title='bbox 115 596 278 666; x_wconf 77' lang='lat' dir='ltr'>Scriptura.</span> <span class='ocrx_word' id='word_1_14' title='bbox 305 596 432 651; x_wconf 84' lang='lat' dir='ltr'>Scilicet</span> <span class='ocrx_word' id='word_1_15' title='bbox 448 598 524 653; x_wconf 88' lang='lat' dir='ltr'>tales</span> <span class='ocrx_word' id='word_1_16' title='bbox 543 609 613 654; x_wconf 85' lang='lat' dir='ltr'>sunt</span> <span class='ocrx_word' id='word_1_17' title='bbox 633 594 701 663; x_wconf 79' lang='lat' dir='ltr'>isti,</span> <span class='ocrx_word' id='word_1_18' title='bbox 722 589 918 664; x_wconf 84' lang='lat' dir='ltr'>contritores,</span> <span class='ocrx_word' id='word_1_19' title='bbox 936 600 1156 668; x_wconf 74' lang='lat' dir='ltr'>satisfactores,</span> 
     </span>
     <span class='ocr_line' id='line_1_4' title="bbox 115 689 1161 757; baseline 0.006 -15"><span class='ocrx_word' id='word_1_20' title='bbox 115 689 325 757; x_wconf 77' lang='lat' dir='ltr'>coniectores,</span> <span class='ocrx_word' id='word_1_21' title='bbox 345 699 378 743; x_wconf 90' lang='lat' dir='ltr'>ut</span> <span class='ocrx_word' id='word_1_22' title='bbox 400 691 494 744; x_wconf 80' lang='lat' dir='ltr'>emori</span> <span class='ocrx_word' id='word_1_23' title='bbox 519 690 581 754; x_wconf 85' lang='lat' dir='ltr'>isti,</span> <span class='ocrx_word' id='word_1_24' title='bbox 597 691 733 746; x_wconf 87' lang='lat' dir='ltr'>omnium</span> <span class='ocrx_word' id='word_1_25' title='bbox 751 690 895 745; x_wconf 85' lang='lat' dir='ltr'>vitiorum</span> <span class='ocrx_word' id='word_1_26' title='bbox 914 690 1004 757; x_wconf 80' lang='lat' dir='ltr'>loeti,</span> <span class='ocrx_word' id='word_1_27' title='bbox 1025 692 1161 755; x_wconf 86' lang='lat' dir='ltr'>tribuant</span> 
     </span>
     <span class='ocr_line' id='line_1_5' title="bbox 115 773 1160 856; baseline 0.005 -18"><span class='ocrx_word' id='word_1_28' title='bbox 115 797 192 852; x_wconf 87' lang='lat' dir='ltr'>opus</span> <span class='ocrx_word' id='word_1_29' title='bbox 214 783 333 838; x_wconf 86' lang='lat' dir='ltr'>virtutis</span> <span class='ocrx_word' id='word_1_30' title='bbox 354 791 385 836; x_wconf 85' lang='lat' dir='ltr'>et</span> <span class='ocrx_word' id='word_1_31' title='bbox 403 783 505 837; x_wconf 86' lang='lat' dir='ltr'>odium</span> <span class='ocrx_word' id='word_1_32' title='bbox 523 773 657 854; x_wconf 72' lang='lat' dir='ltr'>&#39;peccati</span> <span class='ocrx_word' id='word_1_33' title='bbox 694 783 723 838; x_wconf 94' lang='lat'>0</span> <span class='ocrx_word' id='word_1_34' title='bbox 744 783 937 852; x_wconf 71' lang='lat' dir='ltr'>Thoantem,</span> <span class='ocrx_word' id='word_1_35' title='bbox 965 802 983 839; x_wconf 92' lang='lat' dir='ltr'>o</span> <span class='ocrx_word' id='word_1_36' title='bbox 1006 784 1160 856; x_wconf 77' lang='lat' dir='ltr'>Paptsnc,</span> 
     </span>
     <span class='ocr_line' id='line_1_6' title="bbox 114 874 1085 947; baseline 0 -14"><span class='ocrx_word' id='word_1_37' title='bbox 114 890 136 933; x_wconf 90' lang='lat' dir='ltr'>o</span> <span class='ocrx_word' id='word_1_38' title='bbox 152 874 362 944; x_wconf 75' lang='lat' dir='ltr'>Romanistes,</span> <span class='ocrx_word' id='word_1_39' title='bbox 380 876 540 947; x_wconf 74' lang='lat' dir='ltr'><strong>deploratae</strong></span> <span class='ocrx_word' id='word_1_40' title='bbox 560 877 703 933; x_wconf 80' lang='lat' dir='ltr'>caecitatis</span> <span class='ocrx_word' id='word_1_41' title='bbox 722 877 880 939; x_wconf 75' lang='lat' dir='ltr'>homines!</span> <span class='ocrx_word' id='word_1_42' title='bbox 1082 940 1085 945; x_wconf 50' lang='grc'><strong><em>,</em></strong></span> 
     </span>
    </p>

    <p class='ocr_par' dir='ltr' id='par_1_3' title="bbox 114 956 1164 1137">
     <span class='ocr_line' id='line_1_7' title="bbox 184 956 1164 1040; baseline 0.007 -18"><span class='ocrx_word' id='word_1_43' title='bbox 184 968 241 1024; x_wconf 86' lang='lat' dir='ltr'>Sed</span> <span class='ocrx_word' id='word_1_44' title='bbox 262 969 332 1040; x_wconf 88' lang='lat' dir='ltr'>quia</span> <span class='ocrx_word' id='word_1_45' title='bbox 357 977 439 1025; x_wconf 85' lang='lat' dir='ltr'>totus</span> <span class='ocrx_word' id='word_1_46' title='bbox 467 969 544 1024; x_wconf 88' lang='lat' dir='ltr'>libet·</span> <span class='ocrx_word' id='word_1_47' title='bbox 569 971 704 1025; x_wconf 87' lang='lat' dir='ltr'>nonnisi</span> <span class='ocrx_word' id='word_1_48' title='bbox 731 972 868 1026; x_wconf 80' lang='lat' dir='ltr'>caecitate</span> <span class='ocrx_word' id='word_1_49' title='bbox 889 981 920 1026; x_wconf 86' lang='lat' dir='ltr'>et</span> <span class='ocrx_word' id='word_1_50' title='bbox 941 956 1164 1040; x_wconf 78' lang='lat' dir='ltr'>confusissimis.</span> 
     </span>
     <span class='ocr_line' id='line_1_8' title="bbox 114 1063 1159 1137; baseline 0.004 -20"><span class='ocrx_word' id='word_1_51' title='bbox 114 1063 272 1119; x_wconf 84' lang='lat' dir='ltr'>erroribus</span> <span class='ocrx_word' id='word_1_52' title='bbox 284 1063 506 1134; x_wconf 73' lang='lat' dir='ltr'>mendaciisque</span> <span class='ocrx_word' id='word_1_53' title='bbox 522 1071 637 1132; x_wconf 84' lang='lat' dir='ltr'>scatet,</span> <span class='ocrx_word' id='word_1_54' title='bbox 655 1072 688 1118; x_wconf 90' lang='lat' dir='ltr'>nt</span> <span class='ocrx_word' id='word_1_55' title='bbox 704 1064 813 1119; x_wconf 87' lang='lat' dir='ltr'>multas</span> <span class='ocrx_word' id='word_1_56' title='bbox 826 1063 925 1124; x_wconf 83' lang='lat' dir='ltr'>lernns</span> <span class='ocrx_word' id='word_1_57' title='bbox 938 1076 1159 1137; x_wconf 82' lang='lat' dir='ltr'>superetunns,</span> 
     </span>
    </p>
   </div>
   <div class='ocr_carea' id='block_1_3' title="bbox 114 1140 1270 1228">
    <p class='ocr_par' dir='ltr' id='par_1_4' title="bbox 114 1140 1270 1228">
     <span class='ocr_line' id='line_1_9' title="bbox 114 1140 1270 1228; baseline 0.009 -18"><span class='ocrx_word' id='word_1_58' title='bbox 114 1156 144 1211; x_wconf 87' lang='lat' dir='ltr'>id</span> <span class='ocrx_word' id='word_1_59' title='bbox 169 1160 254 1227; x_wconf 44' lang='lat' dir='ltr'>qnod,</span> <span class='ocrx_word' id='word_1_60' title='bbox 281 1170 386 1215; x_wconf 85' lang='lat' dir='ltr'>omnes</span> <span class='ocrx_word' id='word_1_61' title='bbox 413 1157 528 1223; x_wconf 80' lang='lat' dir='ltr'>nostri,</span> <span class='ocrx_word' id='word_1_62' title='bbox 558 1156 608 1226; x_wconf 88' lang='lat' dir='ltr'>qni</span> <span class='ocrx_word' id='word_1_63' title='bbox 630 1157 743 1225; x_wconf 76' lang='lat' dir='ltr'>legunt,</span> <span class='ocrx_word' id='word_1_64' title='bbox 766 1158 957 1228; x_wconf 80' lang='lat' dir='ltr'>quantumvis</span> <span class='ocrx_word' id='word_1_65' title='bbox 985 1158 1112 1215; x_wconf 80' lang='lat' dir='ltr'>barbari.</span> <span class='ocrx_word' id='word_1_66' title='bbox 1130 1172 1162 1221; x_wconf 83' lang='lat' dir='ltr'>et</span> <span class='ocrx_word' id='word_1_67' title='bbox 1269 1140 1270 1143; x_wconf 8' lang='grc' dir='ltr'><strong>Ἴ</strong></span> 
     </span>
    </p>
   </div>
   <div class='ocr_carea' id='block_1_4' title="bbox 113 1248 1170 2257">
    <p class='ocr_par' dir='ltr' id='par_1_5' title="bbox 113 1248 1165 1960">
     <span class='ocr_line' id='line_1_10' title="bbox 115 1248 1160 1322; baseline 0.006 -19"><span class='ocrx_word' id='word_1_68' title='bbox 115 1248 217 1305; x_wconf 75' lang='lat' dir='ltr'>bestie</span> <span class='ocrx_word' id='word_1_69' title='bbox 244 1250 304 1306; x_wconf 83' lang='lat' dir='ltr'>sint</span> <span class='ocrx_word' id='word_1_70' title='bbox 327 1249 490 1320; x_wconf 74' lang='lat' dir='ltr'>Germani,</span> <span class='ocrx_word' id='word_1_71' title='bbox 519 1267 580 1306; x_wconf 93' lang='lat' dir='ltr'>uno</span> <span class='ocrx_word' id='word_1_72' title='bbox 600 1267 654 1305; x_wconf 89' lang='lat' dir='ltr'>ore</span> <span class='ocrx_word' id='word_1_73' title='bbox 679 1249 884 1319; x_wconf 85' lang='lat' dir='ltr'>confitentur,</span> <span class='ocrx_word' id='word_1_74' title='bbox 910 1253 954 1317; x_wconf 85' lang='lat' dir='ltr'>sic</span> <span class='ocrx_word' id='word_1_75' title='bbox 974 1253 1106 1322; x_wconf 74' lang='lat' dir='ltr'>enimet</span> <span class='ocrx_word' id='word_1_76' title='bbox 1127 1265 1160 1310; x_wconf 87' lang='lat' dir='ltr'>tu</span> 
     </span>
     <span class='ocr_line' id='line_1_11' title="bbox 113 1343 1164 1415; baseline 0.002 -16"><span class='ocrx_word' id='word_1_77' title='bbox 113 1344 185 1415; x_wconf 82' lang='lat' dir='ltr'>ipae</span> <span class='ocrx_word' id='word_1_78' title='bbox 204 1343 344 1413; x_wconf 81' lang='lat' dir='ltr'>judicasti</span> <span class='ocrx_word' id='word_1_79' title='bbox 375 1344 552 1415; x_wconf 87' lang='lat' dir='ltr'>explosione</span> <span class='ocrx_word' id='word_1_80' title='bbox 585 1343 776 1413; x_wconf 76' lang='lat' dir='ltr'><strong>digniorem,</strong></span> <span class='ocrx_word' id='word_1_81' title='bbox 813 1359 903 1414; x_wconf 88' lang='lat' dir='ltr'>quam</span> <span class='ocrx_word' id='word_1_82' title='bbox 934 1346 1164 1411; x_wconf 67' lang='lat' dir='ltr'>confutationes</span> 
     </span>
     <span class='ocr_line' id='line_1_12' title="bbox 114 1426 1165 1510; baseline 0.005 -18"><span class='ocrx_word' id='word_1_83' title='bbox 114 1437 264 1507; x_wconf 86' lang='lat' dir='ltr'>suspendo</span> <span class='ocrx_word' id='word_1_84' title='bbox 288 1437 352 1490; x_wconf 80' lang='lat' dir='ltr'>vela</span> <span class='ocrx_word' id='word_1_85' title='bbox 373 1426 581 1508; x_wconf 80' lang='lat' dir='ltr'>disputationis</span> <span class='ocrx_word' id='word_1_86' title='bbox 600 1453 686 1491; x_wconf 85' lang='lat' dir='ltr'>meae.</span> <span class='ocrx_word' id='word_1_87' title='bbox 716 1435 818 1510; x_wconf 55' lang='lat' dir='ltr'>*Quod</span> <span class='ocrx_word' id='word_1_88' title='bbox 841 1438 866 1494; x_wconf 86' lang='lat' dir='ltr'>si</span> <span class='ocrx_word' id='word_1_89' title='bbox 889 1453 946 1508; x_wconf 85' lang='lat' dir='ltr'>qua</span> <span class='ocrx_word' id='word_1_90' title='bbox 968 1439 1001 1494; x_wconf 85' lang='lat' dir='ltr'>in</span> <span class='ocrx_word' id='word_1_91' title='bbox 1020 1457 1057 1494; x_wconf 93' lang='lat' dir='ltr'>eo</span> <span class='ocrx_word' id='word_1_92' title='bbox 1078 1449 1165 1506; x_wconf 77' lang='lat' dir='ltr'>esset</span> 
     </span>
     <span class='ocr_line' id='line_1_13' title="bbox 115 1529 1161 1603; baseline 0.004 -18"><span class='ocrx_word' id='word_1_93' title='bbox 115 1531 205 1585; x_wconf 84' lang='lat' dir='ltr'>etism</span> <span class='ocrx_word' id='word_1_94' title='bbox 228 1531 272 1586; x_wconf 83' lang='lat' dir='ltr'>vis</span> <span class='ocrx_word' id='word_1_95' title='bbox 295 1531 403 1599; x_wconf 76' lang='lat' dir='ltr'>ingenii</span> <span class='ocrx_word' id='word_1_96' title='bbox 426 1540 458 1585; x_wconf 91' lang='lat' dir='ltr'>et</span> <span class='ocrx_word' id='word_1_97' title='bbox 481 1529 681 1597; x_wconf 86' lang='lat' dir='ltr'>eruditionis,</span> <span class='ocrx_word' id='word_1_98' title='bbox 712 1538 816 1592; x_wconf 84' lang='lat' dir='ltr'>tamen</span> <span class='ocrx_word' id='word_1_99' title='bbox 844 1548 915 1603; x_wconf 85' lang='lat' dir='ltr'>curn</span> <span class='ocrx_word' id='word_1_100' title='bbox 938 1529 1047 1600; x_wconf 82' lang='lat' dir='ltr'>Daniel</span> <span class='ocrx_word' id='word_1_101' title='bbox 1074 1550 1161 1589; x_wconf 89' lang='lat' dir='ltr'>meus</span> 
     </span>
     <span class='ocr_line' id='line_1_14' title="bbox 115 1614 1163 1695; baseline 0.004 -17"><span class='ocrx_word' id='word_1_102' title='bbox 115 1625 290 1679; x_wconf 82' lang='lat' dir='ltr'>universnm</span> <span class='ocrx_word' id='word_1_103' title='bbox 306 1623 497 1695; x_wconf 83' lang='lat' dir='ltr'>Popistsrum</span> <span class='ocrx_word' id='word_1_104' title='bbox 515 1639 639 1692; x_wconf 83' lang='lat' dir='ltr'>regnum</span> <span class='ocrx_word' id='word_1_105' title='bbox 660 1640 721 1679; x_wconf 92' lang='lat' dir='ltr'>uno</span> <span class='ocrx_word' id='word_1_106' title='bbox 740 1625 852 1695; x_wconf 87' lang='lat' dir='ltr'>impetu</span> <span class='ocrx_word' id='word_1_107' title='bbox 873 1624 1051 1693; x_wconf 83' lang='lat' dir='ltr'>devoravit,</span> <span class='ocrx_word' id='word_1_108' title='bbox 1076 1614 1163 1682; x_wconf 82' lang='lat' dir='ltr'>focile</span> 
     </span>
     <span class='ocr_line' id='line_1_15' title="bbox 117 1717 1162 1788; baseline 0.005 -16"><span class='ocrx_word' id='word_1_109' title='bbox 117 1727 147 1773; x_wconf 86' lang='lat' dir='ltr'>et</span> <span class='ocrx_word' id='word_1_110' title='bbox 164 1718 246 1773; x_wconf 88' lang='lat' dir='ltr'>hunc</span> <span class='ocrx_word' id='word_1_111' title='bbox 264 1717 458 1772; x_wconf 81' lang='lat' dir='ltr'>Catharinum</span> <span class='ocrx_word' id='word_1_112' title='bbox 479 1733 516 1771; x_wconf 93' lang='lat' dir='ltr'>eo</span> <span class='ocrx_word' id='word_1_113' title='bbox 533 1733 626 1785; x_wconf 79' lang='lat' dir='ltr'>regno</span> <span class='ocrx_word' id='word_1_114' title='bbox 646 1717 777 1771; x_wconf 83' lang='lat' dir='ltr'>maxime</span> <span class='ocrx_word' id='word_1_115' title='bbox 797 1718 941 1773; x_wconf 74' lang='lat' dir='ltr'>nitentem</span> <span class='ocrx_word' id='word_1_116' title='bbox 963 1718 1051 1774; x_wconf 81' lang='lat' dir='ltr'>simul</span> <span class='ocrx_word' id='word_1_117' title='bbox 1069 1720 1162 1788; x_wconf 61' lang='lat' dir='ltr'>depo.</span> 
     </span>
     <span class='ocr_line' id='line_1_16' title="bbox 116 1809 1162 1884; baseline 0.005 -20"><span class='ocrx_word' id='word_1_118' title='bbox 116 1821 174 1866; x_wconf 87' lang='lat' dir='ltr'>rat.</span> <span class='ocrx_word' id='word_1_119' title='bbox 209 1809 290 1884; x_wconf 81' lang='lat' dir='ltr'>Quid</span> <span class='ocrx_word' id='word_1_120' title='bbox 316 1811 406 1865; x_wconf 80' lang='lat' dir='ltr'>faciet</span> <span class='ocrx_word' id='word_1_121' title='bbox 429 1811 551 1865; x_wconf 91' lang='lat' dir='ltr'>unicum</span> <span class='ocrx_word' id='word_1_122' title='bbox 573 1809 679 1864; x_wconf 81' lang='lat' dir='ltr'>folium</span> <span class='ocrx_word' id='word_1_123' title='bbox 704 1809 847 1866; x_wconf 81' lang='lat' dir='ltr'>adversus</span> <span class='ocrx_word' id='word_1_124' title='bbox 865 1821 999 1882; x_wconf 80' lang='lat' dir='ltr'>ventum,</span> <span class='ocrx_word' id='word_1_125' title='bbox 1019 1811 1162 1882; x_wconf 75' lang='lat' dir='ltr'>arborem</span> 
     </span>
     <span class='ocr_line' id='line_1_17' title="bbox 116 1904 532 1960; baseline 0 0"><span class='ocrx_word' id='word_1_126' title='bbox 116 1920 186 1960; x_wconf 90' lang='lat' dir='ltr'>cum</span> <span class='ocrx_word' id='word_1_127' title='bbox 204 1904 305 1959; x_wconf 78' lang='lat' dir='ltr'>radice</span> <span class='ocrx_word' id='word_1_128' title='bbox 324 1906 532 1960; x_wconf 79' lang='lat' dir='ltr'>evertentem?</span> 
     </span>
    </p>

    <p class='ocr_par' dir='ltr' id='par_1_6' title="bbox 116 1996 1170 2257">
     <span class='ocr_line' id='line_1_18' title="bbox 186 1996 1162 2069; baseline 0.004 -18"><span class='ocrx_word' id='word_1_129' title='bbox 186 1998 232 2052; x_wconf 79' lang='lat' dir='ltr'>Ad</span> <span class='ocrx_word' id='word_1_130' title='bbox 254 1997 431 2052; x_wconf 71' lang='lat' dir='ltr'>silvestrum</span> <span class='ocrx_word' id='word_1_131' title='bbox 452 2012 544 2065; x_wconf 82' lang='lat' dir='ltr'>vero,</span> <span class='ocrx_word' id='word_1_132' title='bbox 571 2011 662 2067; x_wconf 80' lang='lat' dir='ltr'>quern</span> <span class='ocrx_word' id='word_1_133' title='bbox 680 1998 758 2052; x_wconf 84' lang='lat' dir='ltr'>inter</span> <span class='ocrx_word' id='word_1_134' title='bbox 776 1996 841 2053; x_wconf 79' lang='lat' dir='ltr'>heac</span> <span class='ocrx_word' id='word_1_135' title='bbox 860 1998 896 2054; x_wconf 86' lang='lat' dir='ltr'>ad</span> <span class='ocrx_word' id='word_1_136' title='bbox 918 2014 967 2054; x_wconf 89' lang='lat' dir='ltr'>me</span> <span class='ocrx_word' id='word_1_137' title='bbox 987 2000 1095 2056; x_wconf 87' lang='lat' dir='ltr'>misisti</span> <span class='ocrx_word' id='word_1_138' title='bbox 1108 1999 1162 2069; x_wconf 81' lang='grc'>’),</span> 
     </span>
     <span class='ocr_line' id='line_1_19' title="bbox 116 2090 1170 2164; baseline 0.002 -18"><span class='ocrx_word' id='word_1_139' title='bbox 116 2090 189 2147; x_wconf 88' lang='lat' dir='ltr'>nihil</span> <span class='ocrx_word' id='word_1_140' title='bbox 217 2091 295 2146; x_wconf 81' lang='lat' dir='ltr'>eliud</span> <span class='ocrx_word' id='word_1_141' title='bbox 321 2093 517 2163; x_wconf 77' lang='lat' dir='ltr'>cespondeo,</span> <span class='ocrx_word' id='word_1_142' title='bbox 548 2106 638 2161; x_wconf 88' lang='lat' dir='ltr'>quam</span> <span class='ocrx_word' id='word_1_143' title='bbox 660 2090 741 2160; x_wconf 90' lang='lat' dir='ltr'>quod</span> <span class='ocrx_word' id='word_1_144' title='bbox 767 2092 803 2146; x_wconf 85' lang='lat' dir='ltr'>ad</span> <span class='ocrx_word' id='word_1_145' title='bbox 829 2093 972 2163; x_wconf 74' lang='lat' dir='ltr'>replicem</span> <span class='ocrx_word' id='word_1_146' title='bbox 1000 2094 1064 2164; x_wconf 88' lang='lat' dir='ltr'>ejus</span> <span class='ocrx_word' id='word_1_147' title='bbox 1090 2095 1170 2150; x_wconf 90' lang='lat' dir='ltr'>olim·</span> 
     </span>
     <span class='ocr_line' id='line_1_20' title="bbox 116 2182 1165 2257; baseline 0.003 -18"><span class='ocrx_word' id='word_1_148' title='bbox 116 2185 269 2257; x_wconf 73' lang='lat' dir='ltr'>respondi.</span> <span class='ocrx_word' id='word_1_149' title='bbox 302 2183 418 2240; x_wconf 78' lang='lat' dir='ltr'>Praeter</span> <span class='ocrx_word' id='word_1_150' title='bbox 435 2185 555 2240; x_wconf 86' lang='lat' dir='ltr'>titulum</span> <span class='ocrx_word' id='word_1_151' title='bbox 573 2182 675 2243; x_wconf 61' lang='lat' dir='ltr'>enimn</span> <span class='ocrx_word' id='word_1_152' title='bbox 693 2199 753 2256; x_wconf 88' lang='lat' dir='ltr'>quo</span> <span class='ocrx_word' id='word_1_153' title='bbox 770 2186 881 2256; x_wconf 82' lang='lat' dir='ltr'>jactat,</span> <span class='ocrx_word' id='word_1_154' title='bbox 906 2194 1004 2242; x_wconf 74' lang='lat' dir='ltr'>errata</span> <span class='ocrx_word' id='word_1_155' title='bbox 1025 2197 1055 2242; x_wconf 89' lang='lat' dir='ltr'>et</span> <span class='ocrx_word' id='word_1_156' title='bbox 1076 2204 1165 2256; x_wconf 79' lang='lat' dir='ltr'>argu.</span> 
     </span>
    </p>
   </div>
   <div class='ocr_carea' id='block_1_5' title="bbox 80 2277 1282 2343">
    <p class='ocr_par' dir='ltr' id='par_1_7' title="bbox 80 2277 1282 2343">
     <span class='ocr_line' id='line_1_21' title="bbox 80 2277 1282 2343; baseline 0.004 -11"><span class='ocrx_word' id='word_1_157' title='bbox 80 2297 84 2305; x_wconf 96' lang='lat'><em>·</em></span> <span class='ocrx_word' id='word_1_158' title='bbox 116 2288 217 2334; x_wconf 81' lang='lat' dir='ltr'>mente</span> <span class='ocrx_word' id='word_1_159' title='bbox 249 2277 375 2333; x_wconf 88' lang='lat' dir='ltr'>Martini</span> <span class='ocrx_word' id='word_1_160' title='bbox 405 2277 533 2333; x_wconf 88' lang='lat' dir='ltr'>Lutheri</span> <span class='ocrx_word' id='word_1_161' title='bbox 564 2278 697 2343; x_wconf 73' lang='lat' dir='ltr'>discussa</span> <span class='ocrx_word' id='word_1_162' title='bbox 726 2290 756 2334; x_wconf 91' lang='lat' dir='ltr'>et</span> <span class='ocrx_word' id='word_1_163' title='bbox 784 2280 853 2334; x_wconf 83' lang='lat' dir='ltr'>trita</span> <span class='ocrx_word' id='word_1_164' title='bbox 873 2288 935 2338; x_wconf 86' lang='lat' dir='ltr'>etc.</span> <span class='ocrx_word' id='word_1_165' title='bbox 972 2280 1046 2339; x_wconf 84' lang='lat' dir='ltr'>nihil</span> <span class='ocrx_word' id='word_1_166' title='bbox 1079 2281 1163 2338; x_wconf 84' lang='lat' dir='ltr'>facit.</span> <span class='ocrx_word' id='word_1_167' title='bbox 1270 2326 1282 2337; x_wconf 93' lang='lat'>.</span> 
     </span>
    </p>
   </div>
   <div class='ocr_carea' id='block_1_6' title="bbox 116 2358 1166 3844">
    <p class='ocr_par' dir='ltr' id='par_1_8' title="bbox 116 2358 1166 3844">
     <span class='ocr_line' id='line_1_22' title="bbox 116 2358 1165 2442; baseline 0.002 -16"><span class='ocrx_word' id='word_1_168' title='bbox 116 2372 204 2427; x_wconf 86' lang='lat' dir='ltr'>Deus</span> <span class='ocrx_word' id='word_1_169' title='bbox 229 2373 330 2440; x_wconf 90' lang='lat' dir='ltr'>bone,</span> <span class='ocrx_word' id='word_1_170' title='bbox 356 2373 444 2426; x_wconf 85' lang='lat' dir='ltr'>etiam</span> <span class='ocrx_word' id='word_1_171' title='bbox 464 2373 547 2427; x_wconf 85' lang='lat' dir='ltr'>Italia</span> <span class='ocrx_word' id='word_1_172' title='bbox 569 2382 629 2426; x_wconf 87' lang='lat' dir='ltr'>tom</span> <span class='ocrx_word' id='word_1_173' title='bbox 651 2358 828 2426; x_wconf 61' lang='lat' dir='ltr'>barbara&#39;et</span> <span class='ocrx_word' id='word_1_174' title='bbox 845 2373 1031 2428; x_wconf 81' lang='lat' dir='ltr'>monstrifica</span> <span class='ocrx_word' id='word_1_175' title='bbox 1049 2374 1165 2442; x_wconf 79' lang='lat' dir='ltr'>ingenis</span> 
     </span>
     <span class='ocr_line' id='line_1_23' title="bbox 117 2459 1165 2534; baseline 0 -14"><span class='ocrx_word' id='word_1_176' title='bbox 117 2468 237 2521; x_wconf 87' lang='lat' dir='ltr'>tandem</span> <span class='ocrx_word' id='word_1_177' title='bbox 256 2459 461 2534; x_wconf 68' lang='lat' dir='ltr'>gignttt&#39;Nec</span> <span class='ocrx_word' id='word_1_178' title='bbox 482 2466 575 2523; x_wconf 84' lang='lat' dir='ltr'>habet</span> <span class='ocrx_word' id='word_1_179' title='bbox 595 2465 697 2521; x_wconf 83' lang='lat' dir='ltr'>infelix</span> <span class='ocrx_word' id='word_1_180' title='bbox 723 2465 867 2520; x_wconf 83' lang='lat' dir='ltr'>facierum</span> <span class='ocrx_word' id='word_1_181' title='bbox 888 2481 945 2520; x_wconf 85' lang='lat' dir='ltr'>rex</span> <span class='ocrx_word' id='word_1_182' title='bbox 964 2466 1037 2520; x_wconf 85' lang='lat' dir='ltr'>alios</span> <span class='ocrx_word' id='word_1_183' title='bbox 1061 2465 1165 2520; x_wconf 83' lang='lat' dir='ltr'>delen.</span> 
     </span>
     <span class='ocr_line' id='line_1_24' title="bbox 117 2540 1164 2630; baseline 0.001 -16"><span class='ocrx_word' id='word_1_184' title='bbox 117 2576 224 2626; x_wconf 87' lang='lat' dir='ltr'>sores,</span> <span class='ocrx_word' id='word_1_185' title='bbox 255 2576 344 2630; x_wconf 85' lang='lat' dir='ltr'>quam</span> <span class='ocrx_word' id='word_1_186' title='bbox 369 2559 431 2614; x_wconf 90' lang='lat' dir='ltr'>hoc</span> <span class='ocrx_word' id='word_1_187' title='bbox 460 2540 688 2623; x_wconf 66' lang='lat' dir='ltr'>insulsissi&#39;mos,</span> <span class='ocrx_word' id='word_1_188' title='bbox 716 2556 911 2623; x_wconf 69' lang='lat' dir='ltr'>mitissimos,</span> <span class='ocrx_word' id='word_1_189' title='bbox 940 2557 1164 2615; x_wconf 84' lang='lat' dir='ltr'>indoctissimus</span> 
     </span>
     <span class='ocr_line' id='line_1_25' title="bbox 117 2649 1164 2724; baseline 0.001 -18"><span class='ocrx_word' id='word_1_190' title='bbox 117 2653 300 2721; x_wconf 76' lang='lat' dir='ltr'>nugatores?</span> <span class='ocrx_word' id='word_1_191' title='bbox 323 2649 424 2724; x_wconf 80' lang='lat' dir='ltr'>Quem</span> <span class='ocrx_word' id='word_1_192' title='bbox 443 2652 572 2706; x_wconf 84' lang='lat' dir='ltr'>feliciter</span> <span class='ocrx_word' id='word_1_193' title='bbox 592 2651 670 2704; x_wconf 89' lang='lat' dir='ltr'>enim</span> <span class='ocrx_word' id='word_1_194' title='bbox 689 2650 872 2718; x_wconf 78' lang='lat' dir='ltr'>theologiset</span> <span class='ocrx_word' id='word_1_195' title='bbox 890 2649 1057 2717; x_wconf 69' lang='lat' dir='ltr'>silvester,</span> <span class='ocrx_word' id='word_1_196' title='bbox 1089 2651 1164 2707; x_wconf 82' lang='lat' dir='ltr'>ltine</span> 
     </span>
     <span class='ocr_line' id='line_1_26' title="bbox 119 2742 1164 2814; baseline 0.001 -15"><span class='ocrx_word' id='word_1_197' title='bbox 119 2743 297 2812; x_wconf 82' lang='lat' dir='ltr'>aestitnebis,</span> <span class='ocrx_word' id='word_1_198' title='bbox 315 2744 395 2814; x_wconf 90' lang='lat' dir='ltr'>quod</span> <span class='ocrx_word' id='word_1_199' title='bbox 422 2745 461 2797; x_wconf 83' lang='lat' dir='ltr'>uit</span> <span class='ocrx_word' id='word_1_200' title='bbox 485 2745 522 2796; x_wconf 88' lang='lat' dir='ltr'>de</span> <span class='ocrx_word' id='word_1_201' title='bbox 547 2742 706 2797; x_wconf 81' lang='lat' dir='ltr'>honestate</span> <span class='ocrx_word' id='word_1_202' title='bbox 724 2758 817 2811; x_wconf 86' lang='lat' dir='ltr'>esse,</span> <span class='ocrx_word' id='word_1_203' title='bbox 835 2759 896 2798; x_wconf 93' lang='lat' dir='ltr'>non</span> <span class='ocrx_word' id='word_1_204' title='bbox 917 2743 955 2798; x_wconf 86' lang='lat' dir='ltr'>de</span> <span class='ocrx_word' id='word_1_205' title='bbox 972 2744 1164 2814; x_wconf 76' lang='lat' dir='ltr'>necestitate,</span> 
     </span>
     <span class='ocr_line' id='line_1_27' title="bbox 118 2836 1165 2912; baseline 0.002 -20"><span class='ocrx_word' id='word_1_206' title='bbox 118 2839 241 2906; x_wconf 81' lang='lat' dir='ltr'>diligere</span> <span class='ocrx_word' id='word_1_207' title='bbox 268 2836 371 2891; x_wconf 89' lang='lat' dir='ltr'>Deum</span> <span class='ocrx_word' id='word_1_208' title='bbox 401 2851 440 2890; x_wconf 85' lang='lat' dir='ltr'>ex</span> <span class='ocrx_word' id='word_1_209' title='bbox 463 2836 661 2912; x_wconf 84' lang='lat' dir='ltr'>totocorde,</span> <span class='ocrx_word' id='word_1_210' title='bbox 683 2837 764 2907; x_wconf 91' lang='lat' dir='ltr'>quod</span> <span class='ocrx_word' id='word_1_211' title='bbox 786 2836 857 2906; x_wconf 90' lang='lat' dir='ltr'>qnid</span> <span class='ocrx_word' id='word_1_212' title='bbox 885 2845 931 2892; x_wconf 89' lang='lat' dir='ltr'>est</span> <span class='ocrx_word' id='word_1_213' title='bbox 954 2836 1049 2904; x_wconf 84' lang='lat' dir='ltr'>aliud,</span> <span class='ocrx_word' id='word_1_214' title='bbox 1074 2854 1165 2910; x_wconf 86' lang='lat' dir='ltr'>quum</span> 
     </span>
     <span class='ocr_line' id='line_1_28' title="bbox 119 2927 1163 3012; baseline 0.002 -26"><span class='ocrx_word' id='word_1_215' title='bbox 119 2931 265 3012; x_wconf 76' lang='lat' dir='ltr'>abrogare</span> <span class='ocrx_word' id='word_1_216' title='bbox 289 2937 320 2984; x_wconf 92' lang='lat' dir='ltr'>et</span> <span class='ocrx_word' id='word_1_217' title='bbox 341 2927 466 2997; x_wconf 77' lang='lat' dir='ltr'>refigere</span> <span class='ocrx_word' id='word_1_218' title='bbox 489 2929 659 2984; x_wconf 83' lang='lat' dir='ltr'>universam</span> <span class='ocrx_word' id='word_1_219' title='bbox 683 2929 779 2998; x_wconf 77' lang='lat' dir='ltr'>legent</span> <span class='ocrx_word' id='word_1_220' title='bbox 801 2927 861 2984; x_wconf 86' lang='lat' dir='ltr'>Dei</span> <span class='ocrx_word' id='word_1_221' title='bbox 870 2931 892 2987; x_wconf 81' lang='lat' dir='ltr'>l·</span> <span class='ocrx_word' id='word_1_222' title='bbox 911 2929 940 2986; x_wconf 93' lang='lat'>0</span> <span class='ocrx_word' id='word_1_223' title='bbox 960 2929 1094 2987; x_wconf 76' lang='lat' dir='ltr'>furorem</span> <span class='ocrx_word' id='word_1_224' title='bbox 1107 2966 1122 3000; x_wconf 77' lang='grc' dir='ltr'>,Ι</span> <span class='ocrx_word' id='word_1_225' title='bbox 1136 2948 1163 2988; x_wconf 84' lang='lat' dir='ltr'>o</span> 
     </span>
     <span class='ocr_line' id='line_1_29' title="bbox 119 3021 1164 3097; baseline 0 -17"><span class='ocrx_word' id='word_1_226' title='bbox 119 3026 301 3097; x_wconf 80' lang='lat' dir='ltr'>impietatem</span> <span class='ocrx_word' id='word_1_227' title='bbox 317 3023 493 3078; x_wconf 81' lang='lat' dir='ltr'>innuditrml</span> <span class='ocrx_word' id='word_1_228' title='bbox 514 3023 614 3094; x_wconf 84' lang='lat' dir='ltr'>Atque</span> <span class='ocrx_word' id='word_1_229' title='bbox 629 3021 741 3077; x_wconf 85' lang='lat' dir='ltr'>ntinrm</span> <span class='ocrx_word' id='word_1_230' title='bbox 755 3023 805 3078; x_wconf 89' lang='lat' dir='ltr'>hic</span> <span class='ocrx_word' id='word_1_231' title='bbox 819 3024 925 3078; x_wconf 84' lang='lat' dir='ltr'>saltem</span> <span class='ocrx_word' id='word_1_232' title='bbox 941 3023 1063 3093; x_wconf 78' lang='lat' dir='ltr'>legisset</span> <span class='ocrx_word' id='word_1_233' title='bbox 1075 3041 1164 3081; x_wconf 88' lang='lat' dir='ltr'>suum</span> 
     </span>
     <span class='ocr_line' id='line_1_30' title="bbox 119 3120 1129 3199; baseline -0.005 -25"><span class='ocrx_word' id='word_1_234' title='bbox 119 3120 310 3192; x_wconf 81' lang='lat' dir='ltr'>Aquinatem.</span> <span class='ocrx_word' id='word_1_235' title='bbox 738 3129 740 3132; x_wconf 73' lang='grc'>’</span> <span class='ocrx_word' id='word_1_236' title='bbox 984 3166 987 3170; x_wconf 17' lang='grc' dir='ltr'><strong>Α</strong></span> <span class='ocrx_word' id='word_1_237' title='bbox 1125 3187 1129 3199; x_wconf 29' lang='lat'><strong>⁹</strong></span> 
     </span>
     <span class='ocr_line' id='line_1_31' title="bbox 185 3209 1164 3285; baseline 0.005 -19"><span class='ocrx_word' id='word_1_238' title='bbox 185 3213 253 3268; x_wconf 88' lang='lat' dir='ltr'>Hoc</span> <span class='ocrx_word' id='word_1_239' title='bbox 284 3228 353 3267; x_wconf 87' lang='lat' dir='ltr'>meo</span> <span class='ocrx_word' id='word_1_240' title='bbox 383 3209 462 3266; x_wconf 87' lang='lat' dir='ltr'>libro</span> <span class='ocrx_word' id='word_1_241' title='bbox 490 3209 620 3279; x_wconf 80' lang='lat' dir='ltr'>habent,</span> <span class='ocrx_word' id='word_1_242' title='bbox 645 3210 727 3282; x_wconf 88' lang='lat' dir='ltr'>quod</span> <span class='ocrx_word' id='word_1_243' title='bbox 752 3220 839 3280; x_wconf 81' lang='lat' dir='ltr'>agent</span> <span class='ocrx_word' id='word_1_244' title='bbox 859 3210 1002 3269; x_wconf 86' lang='lat' dir='ltr'>hotnines</span> <span class='ocrx_word' id='word_1_245' title='bbox 1022 3213 1164 3285; x_wconf 85' lang='lat' dir='ltr'>loquaces</span> 
     </span>
     <span class='ocr_line' id='line_1_32' title="bbox 121 3304 1165 3377; baseline 0.003 -18"><span class='ocrx_word' id='word_1_246' title='bbox 121 3315 151 3361; x_wconf 86' lang='lat' dir='ltr'>et</span> <span class='ocrx_word' id='word_1_247' title='bbox 175 3305 347 3373; x_wconf 83' lang='lat' dir='ltr'>scribeoes,·</span> <span class='ocrx_word' id='word_1_248' title='bbox 369 3306 424 3370; x_wconf 84' lang='lat' dir='ltr'>nisi</span> <span class='ocrx_word' id='word_1_249' title='bbox 451 3304 557 3372; x_wconf 80' lang='lat' dir='ltr'>fallor,</span> <span class='ocrx_word' id='word_1_250' title='bbox 586 3304 722 3374; x_wconf 75' lang='lat' dir='ltr'>(quamvis</span> <span class='ocrx_word' id='word_1_251' title='bbox 747 3320 885 3376; x_wconf 88' lang='lat' dir='ltr'>sperem,</span> <span class='ocrx_word' id='word_1_252' title='bbox 914 3322 951 3360; x_wconf 87' lang='lat' dir='ltr'>eo</span> <span class='ocrx_word' id='word_1_253' title='bbox 980 3322 1078 3377; x_wconf 85' lang='lat' dir='ltr'>usque</span> <span class='ocrx_word' id='word_1_254' title='bbox 1098 3324 1165 3362; x_wconf 87' lang='lat' dir='ltr'>rem</span> 
     </span>
     <span class='ocr_line' id='line_1_33' title="bbox 119 3399 1165 3471; baseline 0.001 -18"><span class='ocrx_word' id='word_1_255' title='bbox 119 3399 194 3454; x_wconf 88' lang='lat' dir='ltr'>mihi</span> <span class='ocrx_word' id='word_1_256' title='bbox 209 3401 401 3471; x_wconf 85' lang='lat' dir='ltr'>perdoctam,</span> <span class='ocrx_word' id='word_1_257' title='bbox 419 3409 452 3453; x_wconf 87' lang='lat' dir='ltr'>ut</span> <span class='ocrx_word' id='word_1_258' title='bbox 472 3399 602 3470; x_wconf 87' lang='lat' dir='ltr'>superati</span> <span class='ocrx_word' id='word_1_259' title='bbox 622 3413 688 3451; x_wconf 86' lang='lat' dir='ltr'>mea</span> <span class='ocrx_word' id='word_1_260' title='bbox 706 3399 944 3469; x_wconf 79' lang='lat' dir='ltr'>perseverantis,</span> <span class='ocrx_word' id='word_1_261' title='bbox 963 3401 1035 3457; x_wconf 84' lang='lat' dir='ltr'>solie</span> <span class='ocrx_word' id='word_1_262' title='bbox 1052 3401 1165 3457; x_wconf 86' lang='lat' dir='ltr'>clamo.</span> 
     </span>
     <span class='ocr_line' id='line_1_34' title="bbox 120 3490 1166 3565; baseline 0.003 -18"><span class='ocrx_word' id='word_1_263' title='bbox 120 3493 225 3558; x_wconf 86' lang='lat' dir='ltr'>ribus,</span> <span class='ocrx_word' id='word_1_264' title='bbox 251 3492 353 3560; x_wconf 81' lang='lat' dir='ltr'>furiis,</span> <span class='ocrx_word' id='word_1_265' title='bbox 372 3493 541 3563; x_wconf 78' lang='lat' dir='ltr'>fraudibus,</span> <span class='ocrx_word' id='word_1_266' title='bbox 559 3490 674 3547; x_wconf 81' lang='lat' dir='ltr'>viribus</span> <span class='ocrx_word' id='word_1_267' title='bbox 691 3492 832 3565; x_wconf 86' lang='lat' dir='ltr'>deinceps</span> <span class='ocrx_word' id='word_1_268' title='bbox 853 3495 882 3550; x_wconf 92' lang='lat' dir='ltr'>in</span> <span class='ocrx_word' id='word_1_269' title='bbox 903 3510 952 3549; x_wconf 89' lang='lat' dir='ltr'>me</span> <span class='ocrx_word' id='word_1_270' title='bbox 972 3494 1031 3550; x_wconf 91' lang='lat' dir='ltr'>sint</span> <span class='ocrx_word' id='word_1_271' title='bbox 1051 3510 1166 3563; x_wconf 67' lang='lat' dir='ltr'>grassa,</span> 
     </span>
     <span class='ocr_line' id='line_1_35' title="bbox 121 3582 1163 3657; baseline 0.003 -18"><span class='ocrx_word' id='word_1_272' title='bbox 121 3586 204 3652; x_wconf 89' lang='lat' dir='ltr'>turi,</span> <span class='ocrx_word' id='word_1_273' title='bbox 222 3593 257 3639; x_wconf 87' lang='lat' dir='ltr'>ut</span> <span class='ocrx_word' id='word_1_274' title='bbox 279 3582 309 3639; x_wconf 91' lang='lat' dir='ltr'>in</span> <span class='ocrx_word' id='word_1_275' title='bbox 325 3582 525 3652; x_wconf 84' lang='lat' dir='ltr'>haereticum,</span> <span class='ocrx_word' id='word_1_276' title='bbox 553 3583 670 3657; x_wconf 80' lang='lat' dir='ltr'>qualem</span> <span class='ocrx_word' id='word_1_277' title='bbox 696 3585 794 3641; x_wconf 84' lang='lat' dir='ltr'>omnia</span> <span class='ocrx_word' id='word_1_278' title='bbox 811 3588 918 3644; x_wconf 80' lang='lat' dir='ltr'>saecole</span> <span class='ocrx_word' id='word_1_279' title='bbox 941 3596 1002 3642; x_wconf 87' lang='lat' dir='ltr'>non</span> <span class='ocrx_word' id='word_1_280' title='bbox 1023 3588 1163 3643; x_wconf 78' lang='lat' dir='ltr'>viderint.</span> 
     </span>
     <span class='ocr_line' id='line_1_36' title="bbox 120 3676 1164 3752; baseline 0.002 -18"><span class='ocrx_word' id='word_1_281' title='bbox 120 3676 317 3734; x_wconf 84' lang='lat' dir='ltr'>Obturabunt</span> <span class='ocrx_word' id='word_1_282' title='bbox 336 3689 434 3734; x_wconf 87' lang='lat' dir='ltr'>autern</span> <span class='ocrx_word' id='word_1_283' title='bbox 455 3695 541 3735; x_wconf 81' lang='lat' dir='ltr'>aures</span> <span class='ocrx_word' id='word_1_284' title='bbox 560 3694 649 3747; x_wconf 82' lang='lat' dir='ltr'>suas,</span> <span class='ocrx_word' id='word_1_285' title='bbox 674 3679 753 3734; x_wconf 88' lang='lat' dir='ltr'>sicut</span> <span class='ocrx_word' id='word_1_286' title='bbox 771 3681 849 3752; x_wconf 83' lang='lat' dir='ltr'>aspis</span> <span class='ocrx_word' id='word_1_287' title='bbox 870 3680 940 3748; x_wconf 79' lang='lat' dir='ltr'>ille,</span> <span class='ocrx_word' id='word_1_288' title='bbox 970 3696 1035 3752; x_wconf 72' lang='lat' dir='ltr'>qun</span> <span class='ocrx_word' id='word_1_289' title='bbox 1054 3694 1164 3736; x_wconf 83' lang='lat' dir='ltr'>vocem</span> 
     </span>
     <span class='ocr_line' id='line_1_37' title="bbox 122 3766 1165 3844; baseline 0 -16"><span class='ocrx_word' id='word_1_290' title='bbox 122 3771 300 3828; x_wconf 76' lang='lat' dir='ltr'>intentantis</span> <span class='ocrx_word' id='word_1_291' title='bbox 318 3785 378 3825; x_wconf 93' lang='lat' dir='ltr'>non</span> <span class='ocrx_word' id='word_1_292' title='bbox 398 3773 487 3828; x_wconf 88' lang='lat' dir='ltr'>audit.</span> <span class='ocrx_word' id='word_1_293' title='bbox 524 3771 592 3828; x_wconf 90' lang='lat' dir='ltr'>Neo</span> <span class='ocrx_word' id='word_1_294' title='bbox 611 3771 673 3830; x_wconf 88' lang='lat' dir='ltr'>hoc</span> <span class='ocrx_word' id='word_1_295' title='bbox 694 3785 801 3844; x_wconf 81' lang='lat' dir='ltr'>egent,</span> <span class='ocrx_word' id='word_1_296' title='bbox 817 3773 859 3828; x_wconf 80' lang='lat' dir='ltr'>‘nt</span> <span class='ocrx_word' id='word_1_297' title='bbox 880 3773 1038 3844; x_wconf 85' lang='lat' dir='ltr'>scripturis</span> <span class='ocrx_word' id='word_1_298' title='bbox 1057 3766 1165 3828; x_wconf 78' lang='lat' dir='ltr'>contrs&#39;</span> 
     </span>
    </p>
   </div>
   <div class='ocr_carea' id='block_1_7' title="bbox 123 3966 1164 4111">
    <p class='ocr_par' dir='ltr' id='par_1_9' title="bbox 123 3966 1164 4111">
     <span class='ocr_line' id='line_1_38' title="bbox 174 3966 1164 4030; baseline 0.008 -14"><span class='ocrx_word' id='word_1_299' title='bbox 174 3971 204 4023; x_wconf 77' lang='grc'>*)</span> <span class='ocrx_word' id='word_1_300' title='bbox 231 3967 319 4018; x_wconf 67' lang='lat' dir='ltr'>wilde</span> <span class='ocrx_word' id='word_1_301' title='bbox 333 3966 426 4020; x_wconf 72' lang='lat' dir='ltr'>editu</span> <span class='ocrx_word' id='word_1_302' title='bbox 447 3967 506 4015; x_wconf 82' lang='lat' dir='ltr'>tono</span> <span class='ocrx_word' id='word_1_303' title='bbox 523 3979 547 4017; x_wconf 74' lang='lat' dir='ltr'>er</span> <span class='ocrx_word' id='word_1_304' title='bbox 568 3972 678 4020; x_wconf 70' lang='lat' dir='ltr'>nonest</span> <span class='ocrx_word' id='word_1_305' title='bbox 698 3972 746 4022; x_wconf 66' lang='lat' dir='ltr'>ete</span> <span class='ocrx_word' id='word_1_306' title='bbox 760 3970 934 4030; x_wconf 67' lang='lat' dir='ltr'>cellone-trae</span> <span class='ocrx_word' id='word_1_307' title='bbox 951 3970 976 4022; x_wconf 82' lang='lat' dir='ltr'>lo</span> <span class='ocrx_word' id='word_1_308' title='bbox 994 3970 1058 4023; x_wconf 75' lang='lat' dir='ltr'>idon</span> <span class='ocrx_word' id='word_1_309' title='bbox 1075 3973 1164 4024; x_wconf 73' lang='lat' dir='ltr'>ten-t·</span> 
     </span>
     <span class='ocr_line' id='line_1_39' title="bbox 123 4055 252 4111; baseline -0.016 -8"><span class='ocrx_word' id='word_1_310' title='bbox 123 4055 252 4111; x_wconf 73' lang='lat' dir='ltr'>nllrtlett.</span> 
     </span>
    </p>
   </div>
   <div class='ocr_carea' id='block_1_8' title="bbox 0 0 1298 4732">
    <p class='ocr_par' dir='ltr' id='par_1_10' title="bbox 0 0 1298 4732">
     <span class='ocr_line' id='line_1_40' title="bbox 0 0 1298 4732; baseline 0 0"><span class='ocrx_word' id='word_1_311' title='bbox 0 0 1298 4732; x_wconf 95' lang='lat' dir='ltr'> </span> 
     </span>
    </p>
   </div>
  </div>
 </body>
</html>
