2574 4732
674 319 769 423 llll.

611 476 668 545 bn
695 473 781 540 viel·
808 472 837 544 ³)

597 599 662 721 uss
679 638 860 713 cxxxv.

550 800 599 872 lltt
641 801 899 885 conlutis.

255 959 280 1009 u.
293 957 356 1012 not
368 959 433 1013 ευ..
447 955 541 1008 nttcu
555 962 634 1013 nesto
649 960 689 1006 tte
703 960 817 1016 euertere
835 956 992 1012 mluuttttnn
1006 954 1033 1001 ln
1046 953 1145 1009 &centu
1161 956 1207 1010 tt,
1228 967 1255 1011 ru

203 1046 340 1103 luetluet.
1039 1068 1041 1072 =

652 1156 795 1171 ..u-ss

256 1229 533 1279 suetranensis&
559 1229 768 1278 Secktndori
784 1229 802 1276 1.
819 1229 842 1282 5.
858 1228 894 1276 52
907 1241 933 1285 p.
946 1226 984 1274 70.
998 1224 1120 1279 illuct
1136 1225 1188 1275 ΠΙ.
1202 1228 1253 1277 m.

202 1317 261 1370 mel.
281 1319 340 1364 Coe.
353 1316 416 1369 dm.
430 1330 453 1363 a.
468 1315 485 1361 f.
500 1317 515 1361 8
533 1317 581 1364 ent
594 1317 643 1364 ³09.
669 1314 767 1370 mentito
782 1315 809 1364 ln
824 1311 928 1370 settle
947 1313 1067 1371 tttlttlts.
1085 1313 1253 1369 &tumuerit

201 1401 251 1452 tst.
278 1400 381 1453 weltb
400 1404 456 1452 XV.
474 1402 525 1451 982.

272 1556 393 1628 optimo
411 1564 440 1612 et
456 1557 575 1614 erudito
594 1558 691 1630 Viro,
719 1556 853 1634 Geor-91⁹0
877 1555 1055 1628 Spoletina,
1081 1554 1186 1612 discoli

268 1648 271 1655 '
499 1651 648 1711 Librario
656 1694 667 1724 ,
688 1669 744 1710 suo
761 1652 794 1709 in
810 1652 955 1711 Domino.

536 1840 541 1847 -
649 1801 802 1863 Jesuu

199 1926 350 2021 Salutem.
388 1962 529 2021 Obsecro
550 1974 598 2034 te,
614 1967 656 2023 mi
674 1966 841 2037 spalatine,
859 1965 921 2021 noli
944 1965 1037 2020 nimio
1061 1965 1169 2020 timere
1189 1983 1249 2021 nec

199 2058 339 2112 humanis
357 2057 591 2125 cogitationibus
615 2068 716 2114 totum
739 2076 796 2115 cor
822 2061 946 2114 credere.
982 2059 1060 2125 Scis,
1085 2059 1249 2129 quodnisi

198 2150 339 2205 cbristus
357 2158 451 2202 meet
470 2165 537 2201 mea
553 2160 671 2233 ageret,
683 2151 800 2218 jamdiu
816 2151 911 2222 prims
931 2149 1133 2220 disputatione
1149 2151 1250 2205 indul.

196 2240 380 2311 gentianum,
404 2240 512 2294 deiude
536 2241 648 2309 vulgari
670 2256 832 2310 sermone,
862 2240 981 2296 tandem
1005 2240 1247 2298 resolutionibus

185 2343 228 2393 ret
248 2332 447 2402 responsione
467 2347 532 2385 mea
551 2335 586 2386 ad
605 2333 797 2401 silvestrum,
819 2333 983 2388 novissime
1000 2331 1074 2385 sctis
1096 2332 1171 2386 meis
1193 2348 1245 2388 me

196 2425 412 2499 perdideram,
443 2425 573 2479 maxime
600 2426 789 2496 profectione
826 2430 1010 2496 Augustam.
1055 2425 1133 2498 Quis
1163 2428 1246 2481 enim

195 2520 370 2576 mortalium
387 2519 499 2573 horum
518 2519 668 2588 singulum
687 2537 748 2575 non
768 2520 914 2588 timebat,
941 2530 990 2575 aut
1011 2520 1150 2590 sperabat
1169 2521 1245 2576 mihi

197 2615 350 2670 excidium
361 2600 536 2667 allaturum?
554 2611 694 2684 Denique
708 2630 803 2685 nuper
817 2631 856 2668 ex
872 2614 947 2669 urbs
959 2613 1081 2683 scripsit
1091 2614 1245 2669 Olsnitzer

197 2709 383 2764 Cancellnrio
411 2706 508 2763 Ducis
535 2706 696 2762 Pomereni
726 2709 842 2776 nostri,
868 2725 917 2762 me
944 2709 1019 2762 adeo
1043 2707 1243 2763 conturbasse

195 2814 293 2861 totam
315 2802 444 2857 Romam
464 2800 700 2857 resolutionibus
721 2812 751 2857 et
772 2802 911 2872 dialogo,
937 2812 971 2856 ut
993 2802 1148 2868 nesciant,
1164 2818 1245 2873 quo.

194 2899 288 2953 modo
303 2905 508 2969 compescant.
529 2894 606 2950 Esse
624 2905 724 2949 temen
740 2894 798 2950 illis
816 2895 1022 2966 propositum,
1041 2912 1101 2948 nou
1119 2896 1243 2952 scientia

190 2993 287 3065 juris,
315 2992 367 3046 sed
390 2989 501 3045 Italicis
519 2988 733 3044 subtilitatibus
757 2988 842 3059 (haec
860 2991 938 3043 enirn
959 2988 1051 3044 verbs
1072 2990 1135 3058 ejus
1151 2990 1242 3055 sunt)

194 3101 244 3139 me
265 3083 475 3153 aggrediendi:
501 3081 557 3136 has
577 3091 677 3136 eutem
696 3098 752 3150 ego
776 3082 909 3152 intelligo
934 3098 1066 3158 venene,
1089 3083 1138 3136 vel
1159 3099 1241 3138 mor.

196 3189 257 3233 tem
276 3178 460 3232 insidiarum.

271 3270 370 3326 Multa
402 3286 458 3337 ego
489 3284 596 3346 premo
623 3278 653 3324 et
680 3284 769 3323 causa
799 3267 949 3340 Principis
975 3281 1005 3324 et
1032 3269 1242 3325 Universitstis

194 3372 305 3418 nostras
320 3362 469 3430 cohibeo,
490 3380 554 3433 quae
574 3363 620 3426 (si
636 3361 704 3418 alibi
721 3363 840 3428 essem)
861 3380 1034 3418 evomerem
1052 3364 1081 3416 in
1104 3365 1243 3419 vastatri.

195 3472 262 3511 cem
298 3456 456 3524 Scripturas
484 3464 514 3508 et
539 3453 684 3510 Ecclesia
708 3455 865 3522 Romam,
905 3457 1012 3511 melius
1043 3457 1241 3526 Babylonem.

194 3549 266 3607 Non
287 3557 390 3621 potest
411 3547 571 3615 Scripturae
600 3558 630 3603 et
654 3548 799 3604 Ecclesiae
823 3551 935 3606 veritus
952 3549 1150 3619 tractari‚'mi
1170 3551 1242 3622 Spu.

193 3644 284 3699 latine
294 3683 303 3711 ,
321 3641 378 3696 nisi
397 3640 462 3695 baec
477 3640 563 3695 belus
580 3642 759 3699 offendetur.
795 3643 866 3699 Non
882 3660 955 3711 ergo
973 3661 1076 3715 speres
1090 3659 1138 3698 me
1156 3646 1242 3715 quie.

195 3748 260 3795 lum
279 3754 314 3791 ac
330 3735 445 3790 salvum
466 3734 617 3802 loturum,
643 3736 698 3790 nisi
717 3737 792 3792 velis
808 3750 838 3792 et
856 3754 905 3791 me
919 3739 1037 3809 penitus
1055 3736 1241 3807 theologiam

194 3834 405 3890 intermittere.
447 3828 515 3883 Sine
544 3844 617 3897 ergo
642 3830 755 3885 amicos
784 3841 889 3901 putare
914 3846 964 3886 me
989 3830 1129 3887 insanire.
1176 3832 1241 3888 Res

248 4035 276 4084 *l
299 4029 360 4081 ulto
379 4028 503 4081 clines
522 4029 586 4078 cute
604 4026 682 4075 tutnll.
