2574 4732
567 296 658 359 1520.
690 336 694 343 ·
782 281 791 314 ¹
1073 292 1138 362 tos

89 454 282 510 Universitati
309 451 457 507 maculam
487 459 655 522 parerent„
681 449 786 521 Itaque
809 450 953 506 omissum
980 459 1026 507 est
1049 469 1137 523 opus.

89 547 147 602 Ubi
171 547 282 604 Eccius
310 548 402 602 altera
428 547 475 601 die
506 544 541 598 ad
568 545 674 598 locum>
691 543 842 608 venisset,
860 544 1137 617 iratusrdiscessit,

88 658 122 697 re
156 642 286 697 iniecta:
325 641 430 695 credas
463 639 619 692 hominem
656 636 785 690 rnaenada
823 635 950 709 aliquam
980 639 1135 695 Bacchum

88 734 215 789 iactum.
242 735 289 789 Sic
305 732 542 800 theologisamus
559 731 663 785 hodie.
678 730 965 785 ‚Caeterum—nollem
979 743 1009 787 te
1022 734 1135 803 legere,

88 826 168 897 leges
190 837 308 889 tamen,
340 843 405 898 quaa
431 819 461 880 i'n
489 821 959 888 Carolostadium'eiiutivit⁸):
988 840 1077 896 quem
1095 830 1137 884 ita
1195 888 1198 893 ,

88 922 264 987 conloedat,
292 929 328 974 ut
349 921 479 973 necdum
501 918 628 972 viderim
651 934 708 972 nec
729 916 893 971 audiverim
912 916 1024 976 librum
1041 920 1138 992 impu.

87 1014 225 1069 dentiore
246 1022 277 1066 et
297 1012 505 1083 impuriorem.
539 1011 698 1082 Deplorati
722 1011 809 1065 animi
828 1009 923 1066 homo
949 1021 1019 1080 est,
1044 1013 1137 1071 miser

87 1108 238 1177 sophista,
265 1105 317 1161 ubi
336 1106 416 1160 videt
432 1121 520 1160 suum
537 1105 726 1177 propositum
746 1104 793 1159 vel
808 1104 922 1160 differri
943 1105 992 1160 vel
1018 1106 1138 1164 initum

88 1199 162 1255 fieri.
181 1200 256 1254 Dux
274 1199 426 1268 Georgius
440 1200 538 1254 denuo
551 1200 673 1269 scripsit
687 1197 934 1254 Erfurdiennbus
958 1204 1069 1269 magno
1086 1216 1137 1257 su.

88 1294 215 1365 percilio
235 1294 296 1363 (sic
309 1293 427 1362 Langus
442 1301 548 1347 noster
562 1293 697 1360 scribit),
715 1303 749 1348 nt
761 1292 974 1364 respondeant,
986 1296 1067 1348 nter
1080 1309 1138 1350 no.

88 1398 185 1445 strum
204 1390 240 1443 de
259 1387 316 1442 fide
336 1389 444 1442 melius
461 1387 579 1442 sentiat.
600 1386 703 1443 Bonus
723 1386 882 1459 Princeps,
901 1374 953 1443 sed
969 1390 1019 1460 qui
1036 1379 1134 1451 ἄγεται

87 1482 133 1536 saal
153 1474 257 1553 oa'ptrni
273 1501 301 1536 rt
316 1475 374 1535 aina*
390 1477 440 1535 raia
453 1477 572 1545 σοφιςὸν.
609 1480 790 1536 Carlsludius
809 1482 840 1536 in
859 1476 990 1538 Ecuium'
1006 1483 1136 1540 molitur

88 1578 249 1631 contraria.
283 1575 367 1631 Ecce
386 1575 518 1630 fructum
536 1574 745 1647 disputationis
762 1576 899 1646 Lipsicaa.

38 1735 40 1741 Ι
153 1669 202 1725 Ne
226 1669 354 1724 verbum
377 1669 498 1738 quidem
519 1685 576 1738 ego
599 1668 707 1736 collegi
731 1670 768 1724 de
792 1669 991 1727 concionibus
1011 1671 1136 1727 maisin

22 1820 26 1827 ,
86 1763 288 1830 Matthaeum,
314 1762 354 1816 mi
383 1761 553 1831 Spalatine,
585 1762 700 1816 etiamsi
733 1761 786 1816 vix
812 1764 889 1817 aliud
913 1780 997 1835 aeque
1022 1764 1135 1821 velim:
1188 1822 1189 1827 ,

86 1873 195 1912 verum
216 1865 336 1927 tempus
355 1853 491 1910 destituit
509 1871 569 1908 me.
603 1854 705 1910 Porro
724 1857 929 1912 enarrationes
947 1857 984 1913 ab
1006 1859 1137 1914 adventu
1227 1886 1230 1893 ·

88 1952 222 2020 inceptas
256 1949 390 2003 nondum
425 1947 551 2017 perduxi
581 1949 618 2006 ad
648 1950 906 2020 quadragesimam
934 1952 1068 2023 nihilque
1098 1953 1135 2008 de

88 2042 313 2111 quadragesima
328 2041 435 2113 incepi.
471 2040 524 2096 via
539 2043 687 2098 rationem
705 2042 849 2098 brevitor.
884 2043 1075 2115 Impossibile
1090 2053 1139 2100 est

86 2137 161 2192 mihi
184 2137 302 2202 facere,
335 2145 441 2191 votum
461 2153 523 2191 non
543 2136 647 2192 deest:
672 2137 752 2192 vires
771 2139 843 2194 satis
860 2148 930 2193 suut
947 2139 1007 2193 Dei
1025 2138 1136 2207 gratia,

85 2231 138 2287 sed
162 2230 216 2285 vix
236 2228 385 2286 Psalterio
413 2228 538 2285 sufficio.
581 2229 654 2285 Non
671 2231 786 2299 credis,
812 2244 956 2302 qnantum
976 2233 1135 2304 aliquando

85 2322 159 2379 mihi
178 2323 225 2376 vel
243 2337 321 2379 unus
338 2338 445 2378 versus
464 2322 595 2394 praebeat
613 2324 735 2394 negotii.
771 2325 867 2380 Dices
888 2323 1040 2398 Principi,
1064 2341 1137 2388 me,

83 2419 165 2472 sicut
178 2417 307 2473 libenter
322 2432 387 2473 rem
401 2433 468 2472 sum
482 2433 649 2488 aggressus,
662 2418 703 2473 ita
716 2417 845 2474 libenter
862 2414 1133 2491 prose'quuturum:

86 2525 193 2563 verum
214 2510 302 2565 tuda
322 2510 385 2566 dies
403 2510 492 2564 binos
513 2520 564 2566 aut
582 2521 687 2566 ternos
707 2528 764 2582 pro
784 2512 923 2579 singtilis,
944 2522 974 2565 et
990 2512 1042 2564 vix
1060 2510 1133 2565 satis

88 2602 156 2661 erit.
199 2600 327 2672 Rapitur
346 2602 421 2655 mihi
442 2618 655 2672 nonnunquam
676 2616 794 2675 tempus
813 2614 842 2658 et
865 2604 962 2659 alieno
985 2602 1135 2672 obsequio

88 2696 215 2748 fratrum
230 2702 259 2745 et
277 2692 498 2762 proximorum.
532 2692 604 2747 Heri
624 2711 746 2766 quoque
767 2695 881 2765 perdidi
903 2683 981 2750 diem
1001 2694 1136 2749 medium

87 2785 284 2857 responsione
304 2785 340 2839 ad
361 2784 570 2839 inhibitionem
591 2785 787 2842 Misnensem.
830 2787 900 2841 Sum
918 2796 1002 2841 certe
1019 2786 1134 2842 velocis

87 2895 193 2936 manus
214 2888 244 2933 et
267 2887 392 2952 promta
415 2878 585 2947 memoriae,
611 2896 705 2951 equa
722 2880 796 2950 mihi
815 2879 879 2935 fluit
898 2881 1016 2953 potius,
1041 2895 1133 2951 quam

87 2963 261 3047 promatur,
290 2971 432 3044 quicquid
459 2971 583 3026 scribo:
620 2989 676 3027 nec
701 2974 746 3028 sic
771 2983 870 3027 tamen
895 2972 1034 3028 sufficio:
1069 2973 1133 3029 aliis

87 3066 269 3124 tardioribus
285 3066 355 3136 quid
371 3064 505 3134 accidat,
524 3066 632 3122 miror.
650 3066 714 3121 Scis
730 3075 830 3124 autem
846 3066 978 3125 studium
994 3077 1135 3123 nostrum

89 3179 173 3229 esse,
196 3172 229 3215 ut
250 3159 439 3215 Lotherianis
461 3161 538 3231 typis
559 3169 641 3215 recte
667 3160 811 3215 institutis
834 3162 1023 3216 excuduntur
1045 3161 1134 3217 simul

88 3259 234 3311 universas
259 3254 489 3322 enarrationes,
513 3263 602 3326 atque
631 3254 660 3308 id
685 3255 801 3322 agitur,
826 3263 860 3308 nt
887 3270 975 3326 quam
1002 3255 1134 3326 primum

89 3349 264 3422 incipiamus
284 3347 372 3403 simul
392 3355 423 3401 et
438 3345 621 3421 Philippicas
640 3363 732 3419 super
752 3346 977 3404 sententiarum.
1015 3348 1085 3404 Vale
1105 3359 1136 3406 ct

88 3458 138 3498 me
156 3441 288 3515 Principi
307 3441 494 3499 commenda.
529 3441 647 3498 Octava
666 3440 835 3509 Februarii,
853 3460 930 3499 anno
952 3442 1090 3501 MDxx.

580 3575 583 3579 .
636 3534 790 3592 Martinus
806 3535 979 3606 Lutharus,
1004 3541 1134 3604 August.

142 3788 170 3840 ⁸>
197 3787 249 3837 tnta
262 3787 325 3857 attat
347 3787 385 3833 bat
407 3784 520 3840 &disum
535 3787 629 3841 &dulit
639 3794 709 3841 statu
725 3787 840 3841 uastauit
854 3787 885 3840 tu
894 3787 942 3834 intr
955 3784 1016 3834 nint
1030 3781 1141 3833 butant.

91 3863 151 3910 itbts
168 3864 195 3913 Ε.
212 3865 256 3919 nub
271 3866 297 3913 in
312 3865 393 3917 bititm
409 3867 485 3919 &abst
502 3867 602 3919 beraut:
618 3866 760 3916 confutatio
772 3868 886 3913 adversus
899 3863 1046 3910 defectivum
1057 3863 1136 3921 Epist.

91 3944 128 3994 Jo.
144 3943 209 3991 escit
225 3955 269 3992 cta.
286 3945 302 3995 i.
317 3943 410 3999 ttnttb.
426 3945 531 3996 uada.
546 3949 607 4000 atta
626 3948 661 3997 &-
672 3947 707 3994 ts.
725 3945 783 3999 utut.
794 3945 815 3992 b.
827 3944 884 3998 tata.
895 3941 942 3992 ior.

474 4152 489 4183 Ὶ
