2574 4732
114 311 175 381 334
598 307 691 376 1519.

114 470 310 546 pnn'srimnm
336 480 404 522 esse
430 464 596 521 thalamum
618 464 753 534 Christi,
783 475 914 523 matrem
939 467 1169 541 Ecclesirrurn,

117 566 270 623 dominnm
292 563 417 629 rnnndi,
441 562 494 617 sed
514 560 640 632 spiritu,
664 561 779 628 idest,
805 562 967 632 vitiorum,
983 580 1047 618 non
1062 580 1170 624 rernns

114 659 234 727 mundi,
252 671 394 730 sponsam
411 654 540 724 Christi,
558 653 648 711 tiliato
660 653 740 723 Dei,
758 663 911 711 terrorem
924 658 1050 728 inferni,
1069 661 1169 717 ricto.

114 756 193 810 riam
207 753 324 818 carnia,
342 759 375 805 st
385 749 457 821 qnid
474 750 592 809 dicam?
610 749 699 817 αυίυ
710 757 784 804 ucat
796 752 919 818 mia,
933 752 1022 822 juxta
1036 752 1168 811 Panlnrn

114 853 141 903 1.
160 847 232 900 Cor·
253 845 316 913 111,
340 844 410 913 ipro
429 849 531 898 oram
551 841 684 906 Christi,
706 843 846 900 Christus
864 853 966 899 matera
985 845 1058 902 Dei.
1093 848 1167 904 linc

115 957 190 998 sero
205 954 246 995 ex
259 936 409 994 fructibus
423 939 486 993 suis
501 939 707 1007 cognoscitur.
741 937 815 994 Nou
834 945 917 1011 quod
935 943 1033 1010 magni
1053 943 1167 997 facien.

115 1036 187 1092 dnm
204 1035 259 1102 sit,
282 1049 333 1088 res
351 1041 473 1087 nostrae
490 1039 522 1086 et
536 1031 606 1101 juta
624 1031 734 1101 diripi,
756 1048 827 1087 cnm
842 1033 937 1088 lixum
955 1035 996 1090 sit
1019 1035 1050 1089 in
1068 1037 1166 1105 coelo,

116 1128 304 1185 Christianos
322 1127 353 1180 in
375 1125 437 1180 bac
457 1124 521 1179 rita
543 1104 737 1194 pressur‘am,
759 1125 943 1183 Nimbrotos
963 1137 995 1184 et
1017 1128 1168 1185 robustos

114 1233 277 1279 venatores
293 1221 373 1293 pati,
394 1234 452 1273 nec
471 1217 510 1272 ab
530 1217 590 1273 bac
612 1219 786 1275 conditione
807 1221 985 1276 liberabitur
1004 1221 1167 1284 Ecclesia,

114 1319 171 1373 nisi
191 1333 249 1388 per
265 1323 414 1370 mortemz
434 1313 532 1385 prima
543 1321 614 1378 -est,
634 1329 748 1386 quanto
766 1315 876 1370 fortius
890 1319 1060 1388 premitur,
1077 1326 1166 1373 tanto

114 1411 271 1467 sublimius
292 1409 441 1463 exaltatur
462 1409 493 1464 in
515 1408 631 1465 Cades:
658 1410 711 1465 sed
735 1411 817 1480 quod
836 1410 979 1469 omuibus
999 1411 1165 1483 lachrymis

114 1506 154 1562 sit
172 1503 292 1558 miseria
305 1502 423 1572 maJ‘or,
446 1503 513 1558 bac
530 1517 546 1556 a
566 1500 712 1558 iratribus
735 1511 767 1558 et
789 1504 925 1574 patribus
945 1507 976 1560 iu
1000 1507 1110 1562 iratres
1132 1516 1164 1562 et

114 1599 194 1655 lilios
210 1596 273 1652 lieri
295 1596 397 1661 (sicut
412 1597 445 1652 in
461 1595 627 1669 Prophetis
645 1598 720 1653 dicit
738 1596 910 1667 Dominus,
927 1599 1006 1654 filios
1024 1615 1040 1652 a
1057 1616 1166 1672 paren.

114 1694 197 1750 tibus
217 1692 357 1760 vorari),
381 1708 447 1763 quse
468 1709 485 1747 u
506 1689 611 1747 anca
630 1693 683 1749 vix
701 1693 824 1762 fierent,
845 1703 896 1748 ant
915 1693 1081 1763 siderent,
1101 1713 1162 1752 non

115 1799 217 1844 tamen
233 1801 371 1844 sanctum
389 1802 501 1842 nomen
518 1786 648 1854 Christi,
667 1797 729 1843 tam
747 1789 835 1845 ioedis
852 1790 998 1845 monstris
1015 1800 1165 1860 praetexe.

115 1893 222 1951 retur,
243 1899 310 1956 quas
327 1892 373 1938 est
392 1884 527 1939 omnium
543 1882 815 1939 intolerabilissima
834 1883 947 1940 Christi
966 1894 996 1939 et
1017 1884 1164 1941 Ecclesiae

114 1979 232 2050 injuria.
266 1977 330 2032 Res
352 1992 424 2032 sene
446 1984 517 2031 eant
540 1983 571 2030 et
596 1977 657 2030 vita
678 1991 819 2045 pessum:
843 1987 874 2032 st
899 1995 1010 2033 nomen
1034 1979 1163 2034 Domini

114 2086 259 2128 eternum
277 2085 333 2125 cur
350 2070 499 2140 patiamur
518 2077 581 2122 tem
598 2069 677 2122 fode
700 2073 918 2140 conspurcari?
947 2071 1042 2127 Nullo
1066 2075 1162 2128 modo

113 2180 187 2232 ergo
210 2146 353 2235 Romane
378 2160 524 2215 Ecclesiae
544 2161 688 2216 resistere
713 2162 806 2217 licet:
837 2171 867 2216 at
892 2163 1036 2217 Romanae
1061 2165 1162 2221 Curia

112 2261 201 2323 louge
218 2257 334 2322 majore
352 2253 462 2322 pietate
479 2254 655 2306 resisterent
673 2268 780 2320 reges,
798 2253 965 2324 principes,
983 2264 1013 2307 et
1032 2257 1162 2324 quicun..

112 2363 171 2419 qne
191 2352 339 2417 possent,
365 2359 455 2414 qnam
483 2344 553 2414 ipsis
572 2344 695 2399 Turcis.
741 2345 813 2399 Haec
837 2345 996 2401 verbosius
1022 2348 1101 2400 forte
1126 2359 1159 2403 et

109 2440 249 2497 liberius:
276 2453 382 2491 verum
403 2448 527 2507 propter
548 2453 619 2506 eos,
649 2440 700 2508 qui
724 2455 793 2492 cum
817 2439 991 2495 illusoribus
1014 2441 1071 2495 illis
1093 2447 1160 2496 sine

111 2535 169 2590 fine
190 2535 317 2589 illudunt
335 2532 507 2598 Christum,
537 2541 742 2588 coactussum
761 2534 909 2605 meipsum
928 2551 1094 2605 exponere,
1124 2547 1160 2591 ut

112 2631 207 2687 sciunt
225 2644 293 2684 sese
314 2642 436 2693 errare,
460 2627 580 2696 quando
605 2643 655 2680 me
678 2644 693 2680 s
714 2628 850 2682 Romana
867 2628 1004 2685 Ecclesia
1029 2630 1159 2683 alienum

111 2727 264 2791 clamant,
295 2722 345 2793 qui
371 2722 529 2792 purissime
558 2720 649 2790 diligo
676 2737 738 2777 non
765 2724 858 2777 modo
885 2724 1074 2792 Romanam,
1105 2727 1160 2779 sed

110 2830 206 2876 totam
220 2817 389 2873 Ecclesiam
406 2814 537 2870 Christi:
563 2816 687 2884 deinde,
705 2821 786 2888 quod
804 2828 906 2873 certus
924 2835 1007 2885 sum,
1027 2821 1160 2890 aliquan.

112 2916 153 2969 do
181 2914 371 2969 moriendum
402 2927 493 2978 esse,
526 2921 556 2964 et
584 2911 613 2965 in
648 2912 777 2965 adventu
807 2912 932 2966 Domini
959 2915 1054 2967 nostri
1080 2914 1159 2969 Jesu

112 3008 226 3064 Christi
242 3009 391 3062 rationem
408 3006 590 3060 reddendam
607 3007 644 3059 de
659 3007 803 3072 veritate,
820 3007 867 3060 vel
880 3008 985 3075 tacita,
1005 3009 1052 3061 vel
1067 3010 1157 3076 dicta,

111 3112 198 3173 atque
220 3103 397 3158 omninode
415 3101 528 3154 talento
548 3099 674 3161 tradito,
694 3115 732 3152 ne
752 3088 849 3170 ipsum
869 3099 1062 3156 abscondisse
1076 3102 1158 3171 judi.

111 3212 175 3252 cer.
212 3198 383 3251 irascantur
406 3211 494 3263 sanc,
522 3195 572 3265 qui
598 3194 718 3260 volent,
742 3195 834 3248 modo
857 3210 914 3261 ego
940 3195 1020 3265 impii
1047 3197 1157 3251 silentii

111 3306 181 3345 rens
202 3308 261 3345 non
280 3291 432 3355 inveniar,
454 3288 504 3359 qui
527 3289 600 3342 mihi
619 3288 760 3341 conscius
777 3302 862 3353 sum,
888 3302 953 3342 esse
972 3305 1021 3341 me
1039 3289 1158 3344 debito.

109 3400 175 3439 rem
191 3384 294 3448 verbi,
313 3384 531 3452 quantumlibet
549 3399 614 3436 sum
634 3382 780 3447 indignus.
826 3380 989 3452 Nunquam
1008 3383 1071 3436 sine
1089 3400 1158 3437 san.

110 3478 197 3548 guine
220 3486 271 3530 aut
292 3476 426 3546 periculo
452 3475 579 3529 verbum
604 3476 664 3530 Dei
688 3475 810 3530 tractari
831 3477 949 3546 potuit:
976 3477 1045 3544 sed,
1076 3479 1156 3532 sicut

110 3588 167 3645 pro
187 3569 274 3625 nobis
297 3582 450 3623 mortuum
466 3578 531 3635 est,
556 3571 595 3624 ita
614 3571 747 3624 vicissim
769 3571 814 3623 sui
837 3570 1028 3624 confessione
1049 3582 1079 3624 et
1099 3587 1156 3624 nos

110 3683 169 3739 pro
187 3681 220 3722 se
239 3653 317 3719 mori
341 3664 443 3728 exigit.
484 3662 552 3717 Nec
569 3675 616 3718 est
634 3679 740 3718 servus
762 3664 860 3732 mujor
881 3663 1004 3717 domino
1027 3679 1099 3719 suo:
1126 3663 1155 3718 si

109 3777 159 3817 me
183 3759 326 3830 (inquit)
349 3758 501 3828 persecuti
513 3765 603 3818 sunt,
631 3765 661 3810 et
677 3774 729 3812 cos
745 3767 983 3831 persequentur:
1011 3758 1038 3812 si
1055 3774 1157 3812 meum

110 3869 279 3912 termonem
296 3855 470 3917 servarint,
488 3859 664 3906 cicestrum
681 3850 851 3907 emtum.

179 3950 236 4005 Sed
262 3950 297 4005 nd
322 3964 369 4002 me
394 3949 503 4004 redeo:
531 3959 561 4002 et
586 3949 622 4002 sd
645 3962 720 4014 vos,
744 3946 850 4018 optimi
868 3947 943 4012 viri,
961 3945 1083 4010 refero,
1101 3961 1157 3999 seu

111 4043 166 4114 (nt
190 4044 315 4104 Paulino
339 4053 407 4099 utor
431 4042 549 4111 verbo)
575 4041 735 4097 vobiscum
760 4041 888 4097 confero
915 4040 978 4096 boo
1004 4055 1107 4095 meum
1125 4039 1158 4094 in
