2574 4732
176 310 217 371 22
534 317 537 324 ’
655 299 745 368 1516.
802 310 810 326 ‘
828 293 840 319 '¹

83 483 87 492 ¹
109 495 121 510 ,
177 463 307 518 amicum
325 466 383 517 est.
417 458 507 526 Vale,
525 460 614 529 vale,
632 462 746 532 optime
764 459 856 517 Pater
876 459 905 516 in
924 459 1060 516 Domino
1079 458 1175 531 Jeeu,
1196 469 1227 517 et

175 569 374 612 memoresto
395 556 467 612 mei.
484 554 534 611 Ex
555 567 662 640 nostro
684 556 876 613 monasterio
890 555 1059 625 Gotheuei,
1080 556 1228 627 29.Maj1,

177 667 254 706 anno
273 650 426 706 Mvat.
868 729 869 732 Ἴ

416 744 523 801 Frater
541 744 695 801 Martinus
717 743 881 813 Lutherus,
901 743 1058 812 Decanue,
1075 741 1226 799 vicarius.

244 895 343 951 Unum
362 906 393 951 te
410 897 489 951 scire
506 897 595 952 volo:
613 895 706 952 Pater
724 894 940 950 Baccalaureue
959 894 1116 950 Johaunes
1129 892 1226 963 Lang,

177 1006 268 1061 quem
294 991 374 1045 nosti
399 1000 429 1044 et
453 989 595 1047 Graecum
621 999 651 1044 et
674 989 839 1049 Latinum,
868 989 922 1044 aed
940 988 1021 1059 quod
1044 986 1140 1056 majus
1161 997 1226 1054 est,

177 1084 287 1139 sinceri
310 1084 410 1138 cordis
430 1083 602 1146 hominem,
630 1051 796 1137 institutua¹
805 1092 851 1137 est
869 1091 1008 1137 recenter
1029 1097 1045 1134 a
1066 1095 1115 1135 me
1134 1079 1226 1135 Prior

86 1168 94 1175 ’
179 1188 348 1232 conventus
364 1175 581 1231 Erfurdiensis.
620 1175 671 1230 Tu
690 1175 806 1232 homini
826 1176 903 1247 apud
924 1175 1064 1230 homines
1084 1173 1161 1228 bene
1181 1172 1226 1231 fa.

179 1271 281 1338 vebis,
307 1281 337 1325 et
364 1272 441 1339 apud
461 1269 565 1324 Deum
590 1268 668 1326 bene
688 1268 874 1341 precaberie.
905 1269 989 1331 Vale.
1018 1267 1223 1345 Extempora-

179 1364 266 1432 liter,
287 1371 320 1418 ut
334 1362 429 1420 videa.

623 1659 667 1717 29.
694 1653 781 1716 illel.

614 1835 673 1907 ΝΟ.
695 1833 799 1906 Xlll.

536 1996 583 2066 tlt
611 1993 705 2076 Μ..
736 1961 880 2109 tante.

234 2152 274 2199 ue
289 2150 328 2196 tte
339 2147 378 2201 fra
390 2150 427 2198 etl
438 2150 614 2200 ettdtretretee
625 2152 777 2209 &tenattem
791 2153 823 2198 tn
837 2150 1043 2202 flmeeateteartat
1060 2150 1100 2198 tel
1118 2148 1228 2204 nutant·

180 2237 330 2286 neruortmt
345 2236 389 2288 aut
407 2237 445 2282 tre
460 2237 526 2287 nette
541 2236 655 2288 ieiunet.
680 2238 730 2293 tttt
749 2238 798 2284 tent
819 2238 846 2290 it.
864 2238 888 2286 tt.
906 2237 956 2284 ttae
975 2235 1103 2289 Βοιωτία
1119 2234 1175 2282 tter
1193 2237 1230 2284 tlt

180 2321 259 2375 eelim
280 2321 395 2378 §turum
418 2324 456 2370 tte
469 2321 637 2383 paulianum
655 2324 728 2375 letati
743 2323 853 2376 nttttel.

193 2498 465 2560 deoderifaberl.
484 2509 519 2560 ll.
547 2509 763 2563 ediderint.
792 2506 1145 2579 orlatldttttllalnxxl
1163 2506 1214 2554 ⁵36.

176 2657 361 2736 ¹Venerabili
377 2669 406 2717 et
421 2663 565 2740 reliqioso
590 2665 704 2734 Patri,
729 2665 846 2720 Joanm·
863 2663 996 2738 Lonqo,
1018 2659 1230 2721 Baccnluureo

247 2755 428 2832 theoloqioo,
449 2758 559 2815 Priori
576 2757 790 2816 Eremitarum
809 2757 1052 2830 Erfurdcnst'ttm
1074 2760 1227 2832 Auqusta

245 2850 303 2907 sibi
319 2854 353 2908 in
374 2853 503 2911 Domino
517 2871 647 2926 semper.

653 3004 759 3062 desua.

181 3125 296 3218 Gratia
313 3172 343 3220 et
357 3181 416 3236 pax
433 3164 484 3220 tibi
502 3165 726 3236 multiplicetur.
759 3164 870 3222 Incidit
888 3165 975 3233 mihi,
993 3165 1107 3236 optime
1123 3162 1227 3233 Pater,

180 3266 212 3311 ct
232 3256 326 3339 fidelis
348 3258 420 3315 mihi
445 3261 474 3312 in
496 3276 588 3330 opera
610 3259 733 3315 Domini
756 3269 961 3330 cooperator,
988 3275 1068 3314 nunc
1094 3257 1231 3326 absenti,

180 3353 261 3421 quod
284 3367 414 3432 praesens
440 3368 538 3423 neque
564 3354 751 3423 cogitarem,
776 3369 874 3424 neque
893 3353 918 3409 ai
937 3354 1138 3423 cogitassem,
1156 3351 1229 3408 tanti

181 3444 321 3501 iecissem
341 3457 391 3502 aut
410 3448 645 3505 intellexissem:
676 3450 706 3505 id
726 3456 826 3503 autem
846 3457 913 3516 eat,
942 3449 1024 3517 quod
1044 3447 1152 3501 domus
1172 3444 1232 3500 ho.

180 3540 290 3609 spitum
318 3538 429 3611 (quant
454 3557 510 3610 ego
533 3558 652 3614 semper
667 3543 697 3598 in
720 3541 919 3599 conventibus
938 3551 973 3596 ut
995 3557 1060 3596 rem
1079 3539 1234 3612 periculo..

181 3633 328 3688 sissimam
347 3636 512 3706 aestimavi,
530 3637 554 3692 si
573 3639 604 3693 in
628 3638 754 3693 abusum
778 3637 894 3705 veniat,
912 3636 983 3693 licet
1004 3637 1043 3692 sit
1068 3634 1233 3703 religiosis·

182 3729 290 3783 simum
307 3729 367 3785 Dei
383 3730 579 3805 obsequium,
597 3733 622 3788 si
637 3735 666 3788 in
685 3733 819 3789 Domino
836 3732 907 3798 liat)
925 3747 986 3789 non
1005 3730 1101 3803 possit
1124 3728 1232 3786 melius

182 3825 315 3896 dignosci
338 3834 369 3882 et
392 3828 559 3894 moderari,
579 3829 634 3885 nisi
656 3829 789 3897 diligenti
813 3827 912 3883 studio
933 3825 1136 3888 observetur,
1159 3822 1231 3895 quid

182 3929 213 3974 et
235 3934 378 3992 qnantum
404 3924 433 3978 in
453 3941 487 3978 ea
509 3925 704 3994 expendatur.
746 3921 866 3978 Idcirco
893 3922 922 3975 in
945 3920 1052 3978 fidncia
1081 3919 1145 3987 tui,
1173 3931 1232 3988 qua

183 4015 302 4082 conlido
326 4027 356 4075 te
369 4018 453 4095 plura
468 4020 637 4090 iacturum,
664 4033 753 4095 quam
774 4017 960 4084 desiderem,
983 4032 1044 4073 non
1065 4012 1233 4089 praecipio»
