2574 4732
171 307 237 377 272
663 309 753 382 1519.

169 467 375 543 obdormias:
404 483 467 524 non
494 467 534 523 sit
562 475 662 523 antem
688 468 833 532 maltam,
861 467 914 524 ead
938 469 1039 541 potins
1059 468 1230 543 modiatam,

175 564 254 620 bene
273 563 439 631 cogitatum
457 573 547 634 atque
565 562 770 632 intellectum,
786 564 868 637 qaod
886 579 973 619 mane
994 580 1121 635 surgens
1141 567 1229 624 velat

174 658 317 729 reliquias
336 656 483 712 serotinas
502 657 645 729 reperias.
691 657 770 713 Item
795 659 825 713 in
847 658 928 714 omni
946 659 1050 719 stadio
1070 674 1228 717 sacrarum

175 752 330 808 literarum
359 751 484 806 omnino
506 751 543 805 de
570 750 690 819 ingenio
716 762 747 807 et
775 752 881 808 labore
913 752 1131 824 desperandum
1161 765 1227 824 est,

174 846 228 902 aed
249 858 321 900 oum
339 845 452 900 timore
471 853 501 898 et
520 843 688 899 humilitate
714 862 731 899 a
753 844 824 901 Deo
844 844 1031 902 intellectum
1055 846 1110 902 tibi
1131 858 1226 920 petas.

173 939 296 997 Idcirco
319 954 391 993 cnm
410 938 550 993 codicem
574 938 713 1007 accedis,
739 938 896 994 oculose:
916 939 1017 996 cordia
1034 951 1064 995 et
1084 943 1227 1011 corporis

173 1034 306 1105 primam
330 1033 360 1087 in
386 1032 497 1089 coelum
522 1032 622 1088 eleves
645 1031 683 1086 ad
704 1031 878 1099 Christum,
904 1029 991 1087 brevi
1011 1034 1141 1105 suspirio
1160 1035 1227 1104 ejas

169 1128 300 1198 gratiam
322 1126 528 1198 implorando,
548 1125 631 1198 quod
655 1126 736 1181 idem
760 1125 867 1196 saepias
886 1126 1056 1181 laciendum
1079 1135 1125 1182 est
1146 1129 1226 1184 inter

171 1223 352 1293 legendam¹
377 1221 430 1276 sed
452 1229 492 1276 ao
505 1219 586 1275 dicas
605 1229 636 1275 et
656 1220 790 1288 cogites:
811 1220 868 1288 da,
884 1218 1039 1288 Domine,
1056 1227 1090 1274 ιιι
1109 1204 1225 1278 ethaeo

174 1328 260 1372 recte
286 1314 449 1385 intelligam
465 1306 482 1381 ,’
506 1313 601 1384 magis
623 1322 658 1368 ut
680 1322 710 1369 et
737 1314 854 1370 faciam.
899 1314 957 1368 Sed
981 1331 1055 1372 cave
1083 1313 1225 1372 omnibns

173 1411 290 1478 modis,
314 1425 353 1469 ne
377 1409 445 1464 ideo
464 1407 576 1477 ¹capias
600 1407 722 1462 studere
738 1423 842 1476 sacra,
867 1417 902 1462 ιιι
918 1406 992 1463 velis
1012 1411 1224 1465 tantummodo

175 1505 255 1560 scire
277 1513 308 1559 et
330 1502 496 1570 intelligere
522 1497 606 1568 (non
628 1502 707 1555 enim
727 1502 820 1556 credo
839 1511 948 1556 tetam
968 1517 1067 1557 crassa
1081 1501 1226 1559 Minerva

174 1615 258 1667 esse,
275 1607 309 1653 at
324 1597 497 1666 honorem,
514 1597 634 1653 lucram
656 1606 706 1651 aut
724 1596 851 1664 gloriam
873 1593 1011 1666 quaeras)
1029 1597 1091 1650 imo
1112 1613 1170 1651 nec
1189 1605 1225 1651 ιιι

173 1692 249 1748 velis
268 1692 341 1746 alios
359 1691 494 1746 docere:
524 1693 596 1747 satia
623 1691 677 1745 tibi
701 1700 764 1744 tuta
782 1690 821 1745 sit
842 1689 1004 1759 cogitatio,
1022 1698 1124 1762 potest
1143 1691 1225 1747 enim

174 1786 215 1842 ibi
240 1785 446 1841 occultissime
470 1783 562 1840 latere
583 1785 769 1841 kenodoxia:
795 1784 848 1839 sed
872 1796 997 1854 prorsas
1015 1783 1088 1839 nihil
1107 1801 1224 1856 quaeras

175 1878 231 1934 nisi
264 1878 390 1947 gloriam
418 1877 497 1947 Dei,
525 1880 566 1933 ita
592 1894 627 1936 ut
657 1878 702 1934 sic
730 1879 771 1934 sis
799 1878 962 1933 animatus:
989 1895 1078 1940 ecce.
1109 1880 1224 1951 optima

172 1973 307 2029 Domine
329 1970 423 2041 Jesa,
448 1973 473 2026 si
501 1989 562 2028 non
592 1982 639 2045 est
662 1973 725 2028 hoc
751 1971 884 2027 stadium
908 1973 938 2027 in
966 1973 1092 2043 gloriam
1117 1981 1223 2041 taam,

174 2082 305 2135 ergone
335 2065 426 2120 facias
450 2083 498 2121 me
524 2068 561 2122 ad
584 2067 727 2138 syllabam
747 2065 931 2134 intelligere:
956 2068 993 2121 da
1013 2076 1113 2122 autem
1130 2066 1221 2135 mihi,

173 2168 317 2231 quantum
335 2159 388 2214 tibi
407 2160 527 2216 videtur
546 2161 582 2216 ad
601 2160 727 2232 gloriam
746 2167 827 2212 taam
845 2160 875 2213 in
894 2175 944 2213 me
961 2170 1135 2231 peccatore.

493 2294 548 2351 111.
582 2292 633 2349 De
647 2289 885 2361 jbnidmitate.

240 2414 321 2468 Rara
346 2414 435 2469 etiam
457 2424 488 2468 et
513 2411 616 2466 eadem
641 2409 743 2464 brevis
767 2408 950 2463 familiaritas
972 2410 1096 2479 prodest
1117 2424 1218 2463 sacer.

171 2499 248 2563 doti.
281 2507 478 2562 Verissimum
498 2500 576 2557 enim
594 2512 640 2558 est
658 2499 687 2558 td
703 2502 919 2576 proverbium:
939 2502 1025 2558 amici
1046 2503 1219 2557 forestem.

170 2602 265 2674 poris.
316 2599 408 2672 Quod
437 2598 461 2651 si
495 2595 581 2650 amici
614 2593 697 2652 fures
729 2608 799 2653 sant
829 2598 993 2668 temporis,
1031 2597 1102 2667 quid
1130 2606 1219 2650 erunt

171 2694 305 2749 extranei
330 2704 360 2746 et
390 2689 480 2759 ignoti
505 2688 553 2742 vel
575 2688 673 2746 minus
694 2690 874 2746 familiares?
903 2690 1014 2746 Verum
1032 2692 1063 2745 in
1082 2691 1129 2746 his
1148 2709 1218 2761 pru.

171 2788 270 2845 dentia
291 2798 406 2841 samma
431 2778 487 2836 tibi
513 2798 589 2855 opus
610 2783 721 2852 luerit,
747 2801 785 2838 ne
808 2780 926 2839 scilicet
950 2784 1075 2839 nimium
1101 2784 1217 2853 lugiens

169 2881 329 2937 hominum
352 2878 546 2944 convictum,
573 2879 741 2934 damonum
763 2880 925 2935 societates
946 2876 1074 2933 incidas:
1092 2891 1216 2946 rursus,

169 2976 195 3031 si
210 2974 334 3029 nimium
352 2971 493 3038 accedas,
512 2989 527 3024 a
543 2973 645 3044 porcis
664 2974 862 3029 conculceris.
900 2970 1004 3045 ltaque
1023 2975 1047 3028 si
1073 2984 1103 3029 te
1126 2991 1218 3029 voca.

169 3070 249 3124 verit
269 3069 354 3124 Deus
378 3067 424 3135 (si
446 3068 650 3124 necessarium
665 3067 755 3121 fuerit
772 3068 904 3134 servire,
924 3065 1103 3136 consulere,
1121 3066 1218 3122 collo.

169 3163 220 3234 qui
242 3162 399 3233 proximo,
416 3160 464 3216 vel
482 3178 537 3232 pro
553 3161 666 3227 salute,
685 3171 735 3213 aut
755 3159 809 3213 alia
830 3163 1008 3216 necessitate
1025 3161 1061 3214 ad
1076 3160 1105 3215 id
1124 3162 1217 3216 fueris

170 3256 334 3328 quaesitus)
358 3269 485 3326 prorsas
503 3250 555 3308 lex
571 3266 601 3308 et
622 3251 724 3322 regula
742 3253 947 3325 cujuscunque
969 3250 1094 3308 instituti
1116 3256 1158 3309 tui
1186 3266 1217 3308 te

140 3394 142 3399 .
169 3349 320 3405 retincat:
348 3346 486 3402 charitati
511 3344 608 3401 omnis
634 3348 683 3401 lex
705 3346 795 3401 debet
814 3349 922 3402 cedere
947 3347 1036 3403 etiam
1055 3349 1159 3402 orandi
1186 3358 1217 3403 et

168 3440 375 3499 sacrificandi:
400 3437 450 3494 ubi
474 3456 549 3495 vero
573 3458 634 3495 non
652 3440 788 3503 vocaris,
808 3437 880 3496 nulli
902 3450 931 3496 te
953 3442 1089 3511 ingeras,
1114 3459 1151 3495 ne
1171 3443 1217 3496 in.

169 3531 261 3607 cipias
269 3568 361 3593 ......
380 3534 456 3588 velle
514 3573 537 3590 ..
548 3534 601 3600 .²)
621 3545 651 3590 et
668 3532 770 3590 animae
785 3546 842 3590 tuae
856 3535 976 3607 patiaris
991 3536 1215 3591 detrimentum.

539 3669 591 3727 IV.
631 3671 677 3724 De
699 3678 847 3727 matrone.

236 3778 363 3835 Memor
385 3788 528 3837 estor.te
553 3783 743 3836 sacerdotem
769 3796 858 3841 esse.
889 3781 918 3836 id
941 3789 1011 3847 est,
1043 3779 1216 3835 ministrum

169 3887 362 3931 communem
376 3884 405 3929 et
418 3875 585 3945 publicum:
600 3877 736 3946 'ideoque
748 3891 809 3930 non
819 3891 875 3944 pro
887 3883 917 3930 te
933 3884 1061 3946 tantum,
1072 3885 1213 3946 quantam

172 3982 694 4004 mma-

223 4052 253 4098 a)
284 4043 342 4103 ott:
359 4047 386 4100 lit
401 4047 450 4095 tim
466 4047 531 4097 taos
552 4048 586 4097 iat
602 4048 668 4100 aere
