2574 4732
641 325 730 390 1518.

555 477 603 536 11.
631 480 824 543 sternier.

603 672 663 740 rr.
686 614 757 739 en.

453 800 527 902 xsin
559 827 652 912 311.
688 829 893 920 studiis.

215 986 398 1041 1111111111.
415 984 486 1038 olid
503 990 581 1041 taram
600 985 784 1040 instintione
801 987 890 1040 tisiam
907 982 980 1037 irtnei
996 984 1121 1036 &nestris
1139 983 1206 1034 narn

135 1058 138 1063 ’
161 1071 259 1122 tarium
275 1074 298 1125 in
312 1067 426 1124 &stettin
442 1071 596 1124 mutianus
612 1075 675 1126 srnrn
692 1072 784 1122 ernest
806 1075 909 1146 norun.
937 1075 995 1122 siun
1015 1074 1050 1127 im
1064 1084 1089 1120 rr
1109 1073 1157 1126 itm
1173 1074 1207 1119 tar

161 1160 258 1210 &ttrite
273 1160 377 1213 cristati
400 1156 494 1211 utinm
509 1158 555 1204 nsit
580 1160 716 1213 nernrnrten
733 1160 841 1213 arinen
870 1162 907 1210 er
924 1160 1074 1216 enttdruttint
1090 1159 1146 1213 ιἰώι
1165 1159 1208 1212 toi

156 1256 180 1293 rr
192 1248 236 1301 aut
250 1244 827 1305 1111111111111111111111111111111511111
841 1247 937 1300 aranei
953 1257 984 1294 aa
994 1248 1037 1301 tin
1048 1258 1075 1302 nr
1088 1248 1207 1302 inertum.

618 1358 760 1376 ἡ
848 1373 852 1382 Ι

211 1433 289 1488 atterit
303 1432 329 1479 its
344 1429 479 1480 illustrium
493 1430 600 1478 virorum
614 1444 669 1489 epp.
685 1433 716 1479 ad
728 1432 767 1484 Jo·
780 1432 906 1480 Reuehiin.
923 1432 1013 1490 Hagen.
1028 1432 1124 1480 15111.
1134 1434 1160 1479 L.
1171 1434 1209 1480 11.

157 1517 202 1565 fol.
217 1520 281 1568 cili.
297 1520 312 1564 b
337 1518 412 1567 menn
427 1517 452 1563 in
469 1518 551 1579 Maii
564 1520 615 1566 nita
629 1518 754 1565 Reuahlini
769 1533 792 1577 p.
807 1519 866 1573 223.
881 1515 1024 1570 sitnrrs
1036 1520 1089 1572 stri.
1104 1520 1156 1567 stet.
1170 1520 1207 1566 11.

157 1605 207 1656 111.
223 1605 278 1656 1αὼ
292 1606 342 1669 tent
357 1603 505 1658 autoretate
523 1602 740 1652 Serkendorf.
759 1605 823 1655 nist.
842 1607 970 1654 antheras.
984 1605 1008 1654 1„
1021 1606 1041 1652 1.
1056 1619 1082 1665 p.
1097 1605 1149 1662 tot,
1164 1605 1204 1654 nro

156 1690 446 1740 stechel-Rauuer
461 1703 485 1748 p·
501 1690 538 1741 11.
560 1689 659 1744 ontis
673 1691 713 1744 itt
732 1689 827 1742 {satu
847 1691 983 1741 mitid.

156 1842 318 1940 Dominus
332 1893 449 1953 tecum,
468 1882 521 1939 Vir
535 1883 711 1947 fortissime,
746 1885 893 1944 Gratulor
906 1884 1119 1947 misericordias
1131 1882 1205 1952 Dei,

156 1992 230 2049 quas¹
243 1976 273 2032 in
295 1984 325 2032 te
343 1986 406 2044 est,
427 1976 481 2031 Vir
501 1985 532 2030 et
549 1978 750 2035 eruditissime
769 1989 800 2034 et
817 1979 1030 2035 humanissime
1040 2018 1050 2047 ,
1065 1994 1124 2047 qun
1141 1989 1206 2032 tan.

154 2070 223 2124 dem
243 2069 422 2140 praevsiuisti
443 2069 604 2125 obstruere
634 2086 669 2125 os
692 2071 880 2140 loquentium
904 2072 1014 2142 iniqua.
1058 2070 1153 2125 Fuisti
1171 2076 1204 2122 tu

152 2175 224 2216 suns
244 2174 388 2228 organum
414 2159 531 2214 consilii
552 2160 662 2228 divini,
688 2160 839 2217 sicuttibi
857 2163 1134 2230 ipsiinoognitum,
1163 2162 1204 2214 ita

153 2251 294 2310 omnibus
323 2267 405 2321 pura
432 2251 593 2320 theologias
624 2253 767 2309 studiosis
791 2254 1092 2324 expectatissimum:
1125 2254 1200 2308 adeo

150 2345 240 2414 longe
263 2345 318 2399 alia
346 2342 457 2411 fiebant
483 2359 500 2397 a
522 2344 611 2410 Deo,
639 2354 670 2399 et
693 2344 748 2398 aiis
767 2344 947 2399 videbantur
968 2345 1031 2412 geri
1058 2360 1112 2414 per
1132 2359 1199 2397 vos.

151 2437 243 2494 Eram
266 2455 322 2507 ego
343 2453 420 2493 unus
438 2453 562 2504 eorum,
580 2437 630 2508 qui
650 2447 753 2501 tecum
769 2453 835 2492 esse
853 2436 1031 2507 cupiebant,
1050 2437 1102 2491 sed
1119 2435 1199 2490 nulia

151 2531 278 2588 dabatur
296 2531 429 2599 occasio.
471 2529 563 2585 Eram
581 2539 686 2586 tamen
701 2531 837 2586 oratione
860 2541 889 2586 et
912 2540 986 2589 voto
1006 2530 1060 2589 tibi
1079 2544 1199 2600 semper

150 2624 411 2698 praesentissimus.
456 2624 512 2680 Sed
541 2626 623 2695 quod
649 2634 722 2680 tunc
748 2635 890 2694 negatum
920 2624 1095 2690 osteario,
1120 2639 1200 2677 nuno

85 2704 87 2707 ¹
150 2719 384 2794 cumulatissime
398 2716 544 2773 tributum
559 2727 604 2774 est
617 2719 800 2774 successori.
834 2718 981 2775 Invadunt
996 2718 1100 2771 dentes
1115 2716 1200 2772 istius

66 2792 70 2804 ⁴
150 2811 325 2869 Behemoth
352 2828 423 2882 me,
461 2813 486 2867 si
516 2829 576 2882 quo
598 2814 691 2868 modo
717 2812 830 2868 sarcire
853 2821 970 2883 queant
989 2810 1201 2880 ignominiam,

149 2924 240 2978 quarn
260 2908 431 2979 retulerunt
448 2921 488 2970 ex
507 2914 546 2961 te.
582 2905 724 2962 Occursu
748 2915 778 2960 et
802 2922 858 2975 ego
877 2905 949 2977 ipsis
970 2904 1058 2974 longe
1079 2904 1199 2975 quidem

148 3001 317 3055 minoribus
340 3001 447 3068 ingenii
467 3010 497 3054 et
517 3001 694 3055 eruditionis
717 2999 848 3067 viribus,
879 3012 968 3068 quam
986 3007 1019 3051 tu
1038 2997 1199 3051 occurristi

148 3103 179 3147 et
198 3095 402 3164 prostravisti,
422 3093 474 3147 sed
494 3110 555 3147 raon
573 3095 691 3148 minore
708 3093 795 3146 animi
809 3091 926 3168 fiducia.
959 3091 1107 3158 Congredi
1125 3090 1199 3144 mihi

147 3187 335 3249 detrectant,
355 3179 539 3255 respondere
556 3195 713 3251 recusant,
732 3184 787 3239 sed
807 3200 889 3238 mern
912 3184 941 3239 vi
962 3193 992 3237 et
1009 3184 1149 3239 violentia
1169 3184 1198 3237 in

146 3293 196 3332 me
215 3279 294 3331 viam
311 3278 461 3332 affectant.
498 3277 580 3331 Vivit
598 3294 673 3333 vero
688 3278 846 3345 Christus,
868 3287 897 3330 et
914 3295 970 3345 ego
986 3278 1111 3347 perdere
1125 3276 1200 3331 nihil

143 3385 288 3442 possum,
307 3372 384 3440 ·quia
403 3369 475 3423 nihil
496 3368 605 3426 habeo.
638 3371 745 3426 Fracta
768 3371 885 3424 suntin
905 3380 954 3423 tua
977 3369 1116 3424 firmitate
1136 3386 1199 3424 non

143 3479 249 3534 parum
269 3462 390 3530 quidem
409 3477 523 3515 cornua
541 3461 655 3516 horum
672 3474 841 3519 taurorum.
875 3462 943 3517 Hoc
958 3463 1036 3516 enirn
1049 3464 1079 3516 in
1091 3474 1121 3517 te
1138 3464 1198 3530 egit

144 3556 314 3621 Dominus,
341 3565 375 3607 ut
401 3567 543 3622 tyrannus
570 3555 775 3624 sophistarum
800 3556 958 3625 aliquando
977 3566 1008 3609 et
1030 3555 1144 3609 tardius
1166 3572 1196 3620 et

143 3650 245 3704 mitius
263 3649 394 3703 disceret
412 3647 491 3701 veris
507 3646 666 3715 theologias
687 3649 793 3703 studiis
814 3649 976 3714 resistere,
994 3664 1029 3702 ac
1047 3647 1195 3716 respirare

144 3744 290 3815 inciperet
307 3739 488 3807 Germania,
514 3741 729 3809 scripturarum
748 3741 886 3796 doctriua
907 3752 953 3796 tot
968 3740 1029 3794 heu
1046 3756 1196 3796 annorum

143 3826 322 3892 centenariis
337 3848 472 3890 nontam
489 3849 647 3904 oppressa,
666 3849 755 3903 quam
774 3835 916 3889 extincta.
942 3833 1013 3889 Non
1029 3845 1113 3888 erant
1130 3834 1196 3888 haec

142 3931 223 3984 initia
243 3930 337 3985 danda
354 3928 628 3999 pulcherrimorum
647 3927 818 3982 studiorum
840 3945 893 3999 per
917 3920 1072 3983 hominem
1094 3928 1194 3999 ¹parvae

141 4024 260 4092 gratiae,
280 4024 332 4079 sed
350 4023 428 4078 sicut
447 4021 603 4078 Christum
622 4021 682 4092 (sit
698 4023 784 4079 reaia
801 4023 1039 4096 comparationi)
1059 4024 1194 4079 omnium
