2574 4732
142 249 149 259 .
264 287 270 293 Ι
403 260 412 283 ,

168 333 208 401 m
304 346 306 351 ·
652 328 740 396 1⁵17.

168 492 308 560 ornaris,
345 491 381 545 ad
410 489 540 545 amicum
569 488 764 557 scriberem,
799 488 834 543 ed
860 505 929 543 eum
963 504 1034 545 sane
1069 472 1214 557 amicum,

168 589 219 659 qui
238 597 285 641 eet
301 600 393 656 purus
409 593 439 638 et
455 583 665 651 integerrimus
685 593 774 655 atque
793 582 1044 646 humanissimus,
1065 594 1112 654 et,
1132 582 1214 654 quod

167 681 299 736 maxime
316 680 351 733 ad
372 695 436 733 rem
452 679 603 750 pertinet,
629 679 679 749 qui
697 688 839 733 recenter.
856 688 886 733 et
897 680 1042 747 cognitus
1064 691 1093 732 er
1112 680 1216 733 invem

167 785 217 832 tus
240 782 297 830 est.
338 773 452 848 Igitur,
480 774 504 828 si
528 788 653 845 usquam
677 773 826 828 silentium
854 774 929 828 vitio
950 774 1127 828 vertendum
1149 782 1214 838 est,

168 871 256 926 amici
289 869 325 923 ad
357 868 487 923 amicum
517 868 668 923 silentium
693 869 884 939 potissimum
910 867 968 922 tale
993 866 1211 921 arbitrandum:

168 963 411 1037 quandoquidem
431 972 462 1017 et
480 962 606 1033 ineptire
623 972 654 1015 et
673 963 777 1030 nugari
795 978 854 1017 uon
871 963 1012 1031 segnius,
1031 977 1119 1032 quam
1135 960 1215 1013 serio

168 1075 273 1127 agere,
292 1057 450 1112 amicitiam
470 1057 588 1122 foveat,
606 1072 643 1109 ne
664 1055 779 1122 dicam,
799 1055 942 1125 perficiat.
979 1055 1046 1110 lmo
1070 1063 1100 1110 et
1123 1054 1152 1108 id
1174 1055 1219 1124 ip.

168 1168 237 1207 sum
264 1167 281 1205 ι
310 1167 366 1206 suo
393 1149 491 1204 amico
518 1157 685 1218 extorquet
709 1149 794 1203 divus
824 1148 1025 1218 Hieronymus
1033 1189 1043 1216 ,
1080 1147 1216 1203 scribere

167 1247 302 1306 scilicet,
321 1230 401 1319 quod
417 1241 489 1297 nihil
505 1242 699 1297 scribendum
714 1241 834 1297 lrabeat.
862 1241 967 1314 Quare
986 1242 1106 1299 etmihi
1124 1244 1217 1297 modo

167 1338 327 1396 consilium
357 1337 413 1390 luit
434 1335 559 1407 ineptire
585 1336 673 1413 malle
701 1337 776 1408 apud
808 1338 964 1407 amicum,
999 1355 1089 1409 quarn
1116 1339 1219 1395 silere·

168 1434 365 1506 Quanquam,
390 1429 470 1484 bone
490 1429 593 1493 Deus,
620 1431 739 1501 quaudo
761 1446 892 1503 unquam
919 1430 1026 1486 scribit
1048 1432 1142 1485 l'rater
1167 1431 1218 1485 ille

166 1525 336 1592 Martinus,
358 1523 434 1577 falso
448 1532 576 1577 vocatus
594 1522 767 1594 theologus,
797 1525 826 1579 in
848 1543 908 1597 quo
928 1543 989 1580 non
1007 1525 1143 1597 ineptiat,
1165 1524 1216 1596 qui

169 1623 247 1676 inter
278 1618 424 1674 stridores
460 1626 490 1673 et
514 1616 676 1688 sartagines
703 1618 742 1686 ²)
772 1621 1011 1690 syllogismorum
1040 1620 1114 1674 adeo
1143 1618 1216 1673 nihil

168 1713 300 1785 profecit
331 1712 370 1781 b)
398 1712 428 1765 in
458 1712 522 1778 his,
547 1728 622 1784 quae
653 1713 688 1767 ad
715 1714 829 1769 cultum
856 1714 970 1783 linguae
989 1698 1153 1785 pertinent,
1184 1721 1218 1766 ut

170 1809 285 1864 etiamsi
304 1806 613 1879 quicquam'unquam
632 1808 797 1875 gustaverit
816 1808 992 1863 eruditionis
1011 1808 1058 1862 vel
1075 1808 1219 1878 eloquen.

168 1905 246 1970 tiae,
274 1911 373 1956 totum
389 1901 418 1957 id
440 1901 476 1955 ad
497 1901 651 1957 infantiam
674 1912 705 1957 et
722 1902 887 1957 balbutiem
910 1903 1060 1971 redegerit
1081 1902 1218 1969 longissi.

167 2012 236 2051 mus
256 1995 305 2050 ille
328 2005 358 2048 et
382 1995 517 2050 assiduus
540 1994 691 2050 scribendi
709 2012 790 2051 usus.
826 1996 883 2050 Sed
897 1996 960 2066 jam
983 1998 1054 2051 satis
1070 2012 1219 2067 superque

171 2089 396 2161 praelationum
417 2085 477 2155 ⁰),
501 2103 538 2140 ne
558 2089 700 2142 volumen
721 2090 840 2160 pollue,
861 2107 951 2160 quam
971 2090 1127 2160 epistolam
1144 2090 1219 2145 seri.

169 2183 261 2247 bere,
287 2180 350 2234 hoc
374 2189 433 2246 est,
453 2181 542 2234 etiem
564 2181 735 2250 ineptieudo
758 2182 884 2252 ineptire
904 2191 934 2236 et
957 2182 1002 2236 bis
1021 2184 1157 2250 desipere
1176 2184 1220 2237 vi.

169 2276 259 2342 dear,
291 2290 361 2327 cum
390 2274 483 2327 semel
509 2273 674 2344 desipuisse
704 2273 828 2326 nimium
864 2275 903 2329 sit
935 2275 1092 2344 theologo.
1140 2275 1219 2332 Finis

169 2366 313 2440 epistolae
329 2376 392 2435 est,
411 2375 445 2419 ut
462 2366 625 2434 intelligas,
646 2382 735 2438 quam
756 2367 903 2435 egregiam
923 2370 1006 2425 dete
1029 2380 1138 2440 tuaque
1161 2370 1219 2423 fide

168 2461 340 2532 opinionem
366 2460 576 2530 conceperim:
603 2475 666 2514 oon
687 2461 768 2530 quod
793 2462 983 2529 expostulem
1002 2463 1100 2517 vicem
1121 2464 1149 2517 in
1170 2480 1219 2517 me

168 2565 269 2621 tuam,
289 2569 378 2625 quam
396 2555 582 2609 certissimus
602 2553 676 2608 mrhi
692 2555 848 2626 possidere
870 2555 997 2621 videor,
1015 2557 1067 2610 sed
1086 2567 1219 2625 tantum,

168 2661 203 2704 ut
227 2665 288 2703 nou
317 2649 433 2703 minora
459 2648 513 2703 tibi
541 2651 577 2703 de
602 2664 669 2718 me,
694 2665 783 2719 quam
806 2658 840 2704 tu
860 2650 897 2704 de
919 2659 949 2704 te
971 2651 1036 2721 ipso
1059 2651 1111 2706 tibi
1134 2651 1222 2722 poili.

169 2745 231 2799 ceri
246 2743 356 2815 possis,
376 2743 565 2814 persuadeas.

239 2839 281 2891 At
300 2852 373 2890 ecce
393 2836 512 2891 interim
527 2837 600 2891 mihi
622 2837 652 2892 in
672 2848 803 2894 mentem
821 2840 917 2906 venit,
939 2843 1020 2912 quod
1041 2841 1113 2896 mihi
1129 2856 1219 2912 opus.

171 2931 237 2986 cula
265 2932 423 2987 reverendi
452 2931 544 3002 patris
578 2932 686 2987 Vicarii
714 2950 766 3003 per
794 2934 965 2989 Udalricum
992 2936 1081 2989 istum
1111 2933 1218 2988 Pindo.

169 3041 236 3079 rum
256 3021 292 3090 l)
324 3024 421 3078 lerme
442 3042 498 3096 pro
518 3029 535 3077 2
558 3026 655 3080 aureis
685 3028 808 3082 misisti:
834 3044 910 3098 quae
934 3044 990 3095 ego
1015 3042 1084 3081 sane
1107 3026 1216 3096 partim

169 3117 306 3181 vendidi.
336 3118 444 3188 partim
476 3118 562 3173 bonis
585 3118 688 3172 surricis
709 3121 876 3175 Reverendi
896 3119 996 3176 Patris
1020 3120 1111 3187 gratis
1132 3119 1216 3171 dedi:

170 3212 206 3266 de
226 3212 353 3267 venditis
373 3230 446 3268 vero
464 3214 640 3283 pecuniam,
660 3231 747 3281 (ruam
770 3214 915 3275 conflari,
943 3211 1144 3282 pauperibus,
1175 3213 1217 3266 uti

165 3305 302 3375 jussisti,
320 3305 349 3359 id
370 3316 435 3373 est,
455 3301 527 3360 mrb'i
551 3307 606 3376 ipsi
629 3318 658 3363 et
680 3307 823 3362 frutribus
843 3306 987 3375 impendi:
1010 3307 1218 3377 pauperiorem

171 3398 249 3452 enim
276 3413 326 3451 me
353 3401 420 3468 ipso
445 3399 577 3455 nondum
604 3403 676 3456 satis
703 3396 845 3470 cognovi?
891 3399 1034 3453 Ceterum
1067 3416 1163 3468 rogo,
1193 3401 1217 3454 si

169 3502 270 3564 potest
292 3492 376 3550 lieri.
403 3494 509 3547 eodem
538 3504 591 3561 tuo
613 3497 702 3566 jussu
724 3494 797 3548 mihi
822 3493 910 3548 iidem
930 3492 1020 3547 libelli
1043 3492 1217 3552 mittantur,

170 3603 227 3659 pro
256 3587 391 3654 lloreno,
429 3604 519 3658 quem
553 3589 610 3643 illis
648 3590 774 3644 venditis
808 3587 861 3644 tibi
894 3588 1053 3658 rependam
1084 3586 1219 3643 fideliter.

175 3712 697 3751 ΙΓ--------------

225 3795 255 3841 a)
283 3784 415 3842 &milen
436 3784 578 3842 ferrugines.

225 3870 258 3919 b)
287 3864 348 3915 &db
376 3865 479 3923 prolicit.

229 3950 257 3993 cl
286 3943 349 3994 &til-
375 3943 533 4001 prolationis.

175 4031 369 4045 ..n-

228 4077 256 4129 ⁸)
284 4070 359 4123 illud
375 4073 523 4129 meriturum
542 4071 589 4129 sut.
605 4072 651 4120 No.
666 4072 769 4122 xxxv.
