2574 4732
160 291 219 361 166
574 344 575 349 η
611 293 614 301 ’
636 293 725 359 1618.

627 448 734 507 denne.

157 577 308 669 Salutem.
343 610 420 668 -Veni
440 610 551 680 hodie,
577 613 618 672 mi
635 612 801 685 spalatine,
825 609 1079 682 Wittembergem
1094 627 1184 670 aenne
1195 653 1206 682 ‚

157 710 219 766 Dei
241 708 351 777 gratia,
370 707 473 763 nescio
497 723 587 778 quam
609 708 660 763 din
678 718 854 764 mansurus:
873 722 943 762 nam
962 723 1050 763 cansa
1069 722 1136 762 mea
1158 707 1205 765 eie

156 803 267 869 habet,
287 813 320 858 ut
339 814 368 856 et
385 802 506 856 timeam
527 811 557 857 et
575 817 704 873 sperem·
741 799 896 873 Appellavi
916 817 933 854 a
952 815 1071 865 summo
1094 799 1202 858 Ponti·

157 895 214 952 fice
235 897 312 950 male
334 897 497 951 informato
519 897 555 950 ad
573 898 701 951 eundem
716 895 822 951 melius
841 894 1079 962 informandum,
1106 902 1137 949 et
1158 895 1203 950 sie

157 989 240 1059 abii,
267 990 374 1044 relicto
404 991 519 1058 fratre,
545 992 595 1060 qui
618 989 844 1061 appellationem
869 988 1032 1045 insinuaret
1057 987 1204 1043 Cardinali

158 1100 230 1141 cnm
251 1083 371 1139 noterio
391 1093 422 1138 et
441 1081 578 1138 testibus.
618 1081 744 1137 Interim
766 1082 818 1138 hic
842 1082 959 1153 positae
983 1083 1069 1139 aliam
1091 1081 1205 1155 parabo

156 1177 384 1249 appellationem
407 1175 595 1230 adfuturum
618 1176 802 1242 concilium,
828 1175 1002 1232 adhaesurus
1026 1177 1205 1235 Parisiensi.

156 1271 215 1330 bun
243 1272 272 1324 in
296 1280 453 1331 eventum,
480 1285 542 1340 quo
563 1269 643 1323 hanc
662 1269 797 1342 priorem
817 1268 1044 1339 appellationem
1058 1270 1095 1325 de
1112 1269 1207 1343 pleni·

156 1363 259 1419 tudine
276 1361 434 1434 potestatis
453 1362 514 1417 imo
532 1361 693 1433 tyrannidis
710 1362 856 1417 refutaret
876 1361 967 1433 Papa.
1008 1363 1080 1416 Sum
1100 1363 1205 1436 plenus

156 1457 265 1527 gaudio
284 1467 421 1527 espace,
440 1456 480 1509 ite
498 1465 530 1510 ut
552 1456 644 1510 mirer
664 1455 744 1511 hanc
763 1470 862 1511 meam
879 1454 1074 1513 tentationem
1093 1456 1205 1528 aliquid

156 1550 255 1620 magni
273 1549 368 1605 videri
386 1548 489 1604 multis
509 1558 538 1604 et
556 1550 669 1619 magnis
688 1549 770 1605 viris.

224 1643 439 1700 Benevolentia
457 1652 488 1699 et
507 1644 665 1701 clementia
683 1647 713 1700 in
729 1661 798 1713 me,
816 1660 906 1715 qnam
921 1643 1052 1714 Legatos
1068 1643 1111 1700 D.
1131 1644 1203 1698 Car.

158 1737 262 1806 dinalis
285 1739 424 1809 promisit
437 1737 570 1810 Principi
596 1749 703 1795 nostro
721 1739 1017 1806 illustrissimum..
1038 1749 1121 1793 certe
1142 1739 1208 1794 exi.

156 1831 217 1887 mia
234 1833 290 1887 luit
307 1833 477 1905 etcopiose
498 1833 654 1889 exhibitat
671 1834 723 1891 sed
740 1849 797 1889 nos
813 1851 875 1891 non
892 1834 980 1888 talem
995 1831 1206 1888 intelleximus.

156 1923 227 1994 lpse
248 1925 327 1980 enim
353 1927 452 1981 omnia
475 1936 614 1997 paterne,
640 1928 712 1997 quin
738 1929 946 2000 paterniesime
970 1925 1081 1982 obtulit
1106 1927 1207 1980 iacere

158 2027 190 2070 et
212 2017 277 2072 sine
295 2017 387 2074 dubio
405 2019 548 2082 fecisset,
569 2019 594 2074 si
616 2034 762 2076 revocare
785 2022 930 2076 duntaxat
946 2036 1012 2076 mee
1030 2020 1205 2075 voluissem.

156 2109 236 2167 Nam
256 2111 286 2164 in
306 2111 369 2166 hoc
386 2113 467 2167 nodo
485 2111 571 2168 haesit
586 2121 650 2169 tota
668 2128 772 2168 cauea:
792 2114 872 2184 quod
891 2114 957 2184 quia
975 2113 1077 2180 nolui,
1097 2124 1127 2165 et
1142 2114 1205 2181 ipse

157 2202 280 2257 omnino
300 2203 396 2257 voluit
413 2201 491 2270 (nec
511 2204 604 2258 credo
622 2219 690 2257 eum
708 2205 787 2263 aliud
807 2221 897 2275 qnam
913 2204 1068 2258 damnandi
1084 2206 1206 2258 manda.

156 2302 222 2349 tum
237 2293 400 2361 habuisse)
420 2295 566 2366 appellare
588 2295 632 2352 ini
647 2306 783 2351 coactus.

224 2387 451 2459 Responsicnes
469 2404 552 2444 meas
568 2388 604 2444 ad
623 2387 687 2459 ejus
704 2387 823 2458 objecta
841 2404 898 2442 nna
915 2403 985 2442 cnm
1004 2387 1201 2458 appellatione

156 2481 290 2552 curabo,
307 2492 341 2538 ut
363 2484 448 2539 edem
470 2483 500 2537 in
520 2483 644 2553 volgus,
669 2483 785 2554 adjecto
804 2482 979 2550 theologico
1002 2483 1131 2552 quodam
1152 2499 1203 2552 ap.

157 2588 262 2650 paratu
286 2593 377 2648 super
395 2577 493 2632 Breve
511 2577 731 2649 apostolicum,
755 2578 817 2632 imo
840 2576 1021 2632 diabolicum
1034 2575 1089 2644 ⁴¹),
1116 2577 1203 2644 cujus

157 2680 191 2725 tu
206 2688 284 2744 saepe
306 2672 377 2728 mihi
399 2672 583 2727 mentionem
603 2672 717 2734 fecisti,
738 2680 769 2725 et
790 2686 885 2741 nuper
903 2670 1057 2741 exemplar
1078 2670 1205 2738 misisti,

158 2768 240 2841 quod
272 2767 345 2822 mihi
376 2767 511 2823 redeunti
538 2764 737 2834 Nnrmbergas
761 2765 910 2819 redditum
942 2764 1017 2831 fuit,
1047 2781 1119 2819 cnm
1140 2765 1204 2820 aliis

96 2846 105 2866 ’
156 2861 253 2917 literis
273 2861 485 2917 instructoriis.
520 2859 600 2916 Nam
621 2858 796 2916 incredibile
816 2867 881 2924 est,
907 2857 966 2913 tale
987 2858 1058 2930 qnid
1076 2859 1203 2913 monstri

157 2972 174 3021 a
203 2971 321 3010 summo
343 2954 491 3010 Pontilice
512 2939 632 3024 egredi,
656 2953 824 3025 presertim
842 2950 944 3008 Leone
964 2954 1092 3009 decimo.
1128 2954 1202 3021 Ideo

157 3048 294 3118 quisquis
322 3048 371 3102 ille
400 3048 491 3102 fuerit
511 3048 640 3115 nebulo,
664 3049 715 3119 qni
732 3046 796 3113 ,sub
817 3046 938 3101 nomine
961 3046 1074 3103 Leonis
1093 3046 1201 3103 decimi

157 3140 208 3194 lali
228 3156 277 3194 me
295 3149 410 3195 terrere
431 3141 589 3212 proposuit
609 3141 751 3209 decreto,
770 3139 932 3208 intelliget,
949 3154 998 3194 nte
1019 3155 1109 3210 posse
1128 3156 1205 3211 qno.

158 3249 218 3305 que
241 3250 333 3304 nugas
361 3233 547 3305 intelligere;
574 3241 624 3288 aul
643 3234 669 3290 si
687 3248 759 3289 vere
777 3232 867 3288 etiam
892 3249 908 3286 a
931 3235 1014 3289 curia
1037 3237 1207 3302 emanavit,

158 3328 279 3385 docebo
298 3342 352 3383 eos
370 3343 438 3383 suns
449 3327 721 3402 impudentissimas
738 3325 925 3383 temeritates
939 3337 970 3381 et
988 3327 1204 3399 iniquissimam

157 3420 367 3490 ignorantiam.

229 3514 297 3584 Ipse
318 3514 480 3572 Cardinalis
499 3513 629 3585 Legatos
647 3533 703 3589 pro
722 3529 850 3589 persona
868 3528 921 3570 sna
938 3513 1013 3569 mire
1035 3513 1150 3587 placet:
1174 3523 1205 3570 et

159 3618 304 3682 quantum
322 3607 479 3681 suspidor,
500 3609 645 3683 incipient
667 3612 774 3667 timere
798 3610 944 3678 Romani,
975 3618 1005 3664 et
1031 3609 1121 3664 rebus
1143 3609 1205 3664 suis

157 3719 266 3779 parurn
299 3701 472 3772 confidere,
504 3703 572 3760 ideo
603 3704 682 3764 miro
716 3703 835 3774 ingenio
866 3719 1001 3777 quaerere
1034 3701 1202 3758 evasiones.

168 3843 689 3872 -η--ι--ι--α

213 3960 241 4005 a)
269 3954 454 4009 narrantum
468 3957 545 4006 tieem
559 3965 590 4005 att
599 3956 640 4003 ten
650 3956 763 4006 destinat
774 3957 874 4009 delitet
888 3956 906 4013 s,
920 3956 974 4013 len.
988 3955 1008 4007 1.
1025 3955 1072 4007 tat.
1098 3954 1201 4013 metelli
1271 3919 1273 3923 7

157 4036 212 4102 iel
225 4035 265 4106 pp
278 4034 349 4107 itta
362 4033 401 4107 l‘l
416 4036 462 4105 ls‘l
476 4036 578 4100 possm
592 4033 647 4098 lter
662 4036 732 4092 tntu
750 4036 834 4100 dtur,
