2574 4732
152 493 273 546 semper
280 475 527 553 convinceretur,
541 477 618 531 male
630 473 878 533 induxisss'dicta
887 471 1020 532 Parrum.
1037 472 1117 531 Nam
1130 486 1208 529 cunt

151 573 349 645 procedentia
372 582 400 624 et
421 572 577 641 sequentia
598 588 659 627 non
678 571 800 626 vidisset
818 570 901 634 (nec
921 571 1000 624 snitu
1019 570 1149 635 veritas,
1167 576 1208 624 ut

150 641 227 730 dixi,
251 664 461 734 querebatur)
480 664 518 718 ita
536 653 779 736 aiiasf).aptavit
796 665 831 718 ad
848 665 1055 735 propositum,
1074 672 1108 717 ut
1127 662 1205 717 nibil

150 761 250 816 minus
272 761 384 813 valeret
402 758 437 815 ad
459 760 669 828 propositum,
696 759 752 813 uisi
773 760 856 829 quod
878 758 1045 814 delectabat
1063 773 1133 813 eunt
1149 757 1208 812 aii.

151 852 272 926 quando
293 862 322 912 et
341 851 435 905 risum
454 853 582 906 miscere
600 852 760 907 auditorio.
873 907 875 910 Α
1104 903 1105 906 ,

222 946 394 1001 statuerunt
424 947 524 1016 itaque
554 962 609 1016 pro
635 944 718 1002 Eccii
744 947 917 1017 voluntate,
943 946 1037 1003 iibros
1055 945 1137 1001 domi
1155 961 1205 1000 rc-

151 1040 334 1112 linquendos
362 1055 428 1095 esse
458 1049 504 1096 et,
519 1041 612 1096 sotius
641 1041 793 1096 memoria
826 1050 857 1097 et
888 1041 993 1110 liuguae
1020 1040 1135 1097 viribus
1167 1055 1202 1095 ao

101 1170 103 1174 >
151 1135 293 1194 libertate
318 1132 546 1204 disputandum,
571 1134 632 1189 hoc
655 1145 717 1197 eat,
746 1135 827 1203 quod
852 1135 957 1207 optimi
979 1136 1098 1207 quitiam
1118 1135 1205 1189 dixe.

153 1238 236 1296 runt,
258 1229 337 1285 hanc
355 1227 586 1298 disputationem
610 1244 670 1284 uon
691 1228 728 1281 de
748 1228 891 1295 veritate,
910 1229 964 1296 aeti
982 1210 1022 1283 de*
1037 1229 1122 1282 laude
1140 1243 1205 1283 ms.

152 1322 259 1379 moriat
277 1331 308 1376 et
326 1320 432 1390 linguas
452 1320 566 1389 agitari.
609 1320 776 1378 Praetexuit
797 1335 897 1378 tamen
919 1309 1020 1378 ethic
1040 1323 1135 1377 Adam
1153 1321 1204 1376 ille

152 1414 323 1476 foliumiici
345 1414 604 1485 pulcherrimum,
628 1417 709 1487 quod
727 1431 798 1472 sanc
819 1417 936 1481 nulius,
956 1417 1012 1472 nisi
1034 1419 1073 1472 sit
1092 1417 1203 1485 stipes,

153 1509 320 1578 intelligat:
346 1509 488 1565 videlicet
507 1510 621 1581 puerile
640 1519 672 1565 et
694 1509 855 1581 ridiculum
873 1525 959 1578 esse,
984 1511 1160 1579 theologum
1188 1525 1205 1565 c

152 1603 238 1661 libris
262 1614 312 1659 aut
331 1602 456 1661 schedis
470 1604 633 1675 disputare.
666 1603 707 1662 Et
725 1605 852 1671 mirum,
877 1622 967 1677 quam
986 1605 1127 1660 blandum
1147 1603 1206 1661 sibi

153 1697 237 1767 vulgi
256 1715 394 1754 murmur
416 1698 478 1754 boc
499 1699 617 1767 ingenio
642 1701 844 1768 invenerunt,
877 1702 964 1771 (putori,
981 1700 1018 1754 de
1041 1699 1089 1754 his
1113 1699 1205 1755 rebus

147 1791 284 1866 judicat,
304 1793 384 1849 sicut
398 1793 435 1848 ‹te
452 1810 617 1863 puerorum
633 1794 824 1852 scholasticis
841 1795 1101 1850 exercitamentis:
1121 1792 1207 1864 quasi

154 1903 217 1942 non
244 1897 275 1940 et
302 1888 487 1955 Augustinus
516 1897 623 1943 contra
648 1887 836 1944 Manichacus
864 1898 894 1942 et
918 1887 1094 1944 Donatistss
1113 1886 1207 1941 coila.

84 2023 88 2029 .
155 1980 196 2037 tis
220 1978 305 2035 libris
333 1976 520 2049 pugnaverit.
564 1980 678 2036 Verum
701 1983 861 2038 veritatem
878 1983 928 2037 iila
946 1984 1117 2055 quaerebat,
1144 1999 1206 2037 non
1273 1983 1275 1992 ’

155 2072 292 2142 gloriam.
325 2109 328 2112 -
873 2065 879 2073 ’

223 2164 397 2233 Praetereo,
427 2167 508 2237 quod
538 2166 634 2222 Eccio
666 2183 792 2224 necesse
818 2168 874 2222 suit
903 2168 1043 2224 ultimum
1076 2167 1205 2224 verbum

157 2259 286 2325 cedere,
305 2259 369 2315 sivc
391 2271 576 2332 opponeret,
595 2261 658 2315 sive
679 2262 894 2330 responderet,
912 2269 945 2314 ut
965 2263 1010 2316 sic
1032 2271 1204 2328 argumenta

156 2351 286 2409 insoluta
312 2351 427 2406 facilius
460 2354 619 2408 victoriam
649 2355 833 2410 simularent.
879 2353 960 2408 Tum
992 2356 1017 2409 si
1044 2354 1130 2407 aiicui
1159 2354 1202 2407 rei

156 2447 290 2504 finiendas
313 2448 411 2502 dictus
430 2448 537 2503 fuisset
556 2449 633 2511 dies,
655 2449 781 2502 iiberum
800 2448 839 2502 iili
857 2449 912 2503 tuit
936 2449 998 2502 hoc
1017 2466 1077 2502 non
1099 2448 1206 2501 obser.

157 2558 244 2596 vare:
265 2559 320 2596 nos
341 2542 498 2611 religiosos
518 2554 547 2599 ct
572 2543 769 2599 observantes
785 2558 850 2598 esse
868 2543 1011 2613 oportuit.
1049 2543 1204 2602 Breviter,

159 2638 211 2708 qui
239 2650 400 2710 pugnatum
425 2654 603 2693 veneramus
631 2648 737 2692 contra
759 2653 879 2691 errores
899 2646 929 2690 et
952 2636 1106 2703 haereses,
1137 2652 1208 2689 oum

159 2733 270 2790 invidia
290 2741 319 2788 et
339 2749 414 2787 vana
439 2734 535 2801 gioria
555 2735 709 2802 negotium
727 2731 839 2786 habere
859 2732 958 2786 coacti
979 2747 1092 2785 sumus.
1127 2730 1207 2785 Nam

161 2829 243 2897 quod
269 2830 304 2882 ad
330 2845 379 2882 me
408 2829 557 2899 pertinet,
585 2844 656 2884 cum
676 2845 725 2882 me
752 2836 799 2883 tot
820 2825 1019 2880 concionibus
1046 2826 1074 2879 in
1096 2825 1207 2896 populo

161 2921 293 2976 fabulam
307 2932 337 2977 et
354 2923 472 2978 sibilum
489 2925 618 2992 taceret,
638 2924 677 2978 ita
691 2911 863 2976 volentibus
877 2921 939 2975 suis
951 2921 1093 2990 squamis,
1112 2920 1208 2974 iibens

161 3024 303 3082 transeo,
320 3026 354 3071 ut
371 3019 421 3089 qui
438 3018 511 3073 nihii
531 3036 613 3088 acque
633 3018 777 3088 optarim,
796 3031 885 3087 quam
903 3015 1033 3069 nominis
1051 3015 1109 3068 inei
1132 3015 1209 3069 obii.

162 3110 294 3164 vionetn.
318 3110 385 3166 Nec
401 3113 445 3167 sic
464 3122 562 3166 tamen
579 3113 741 3184 quidquam
755 3119 984 3181 promoverunt.
1010 3109 1090 3164 Nam
1107 3109 1209 3176 veiint,

162 3204 276 3272 nolint,
296 3207 398 3259 testari
416 3216 567 3273 coguntur
584 3215 613 3260 et
630 3207 702 3274 ipsi,
719 3204 762 3263 D.
776 3203 957 3258 Bodenstein
971 3203 1009 3268 t)
1028 3205 1211 3275 propositio.

163 3313 216 3352 nes
242 3299 364 3353 domum
387 3301 484 3356 salvas
509 3302 653 3364 rediisse,
683 3316 739 3354 nec
759 3315 815 3352 una
838 3299 887 3354 vei
913 3299 1022 3366 stiiaba
1044 3301 1208 3369 refutatas,

163 3406 237 3465 quas
257 3392 346 3446 etiam
364 3395 472 3449 crudas
491 3395 637 3450 devorare
655 3393 766 3449 Eccius
784 3401 939 3448 statuerat.

234 3486 315 3559 Quin
340 3488 477 3556 egregius
503 3489 560 3543 iste
581 3489 834 3543 scholasticorum
860 3490 1022 3545 doctorum
1046 3500 1212 3562 patronus,

165 3597 226 3655 quo
249 3591 389 3650 caveret,
419 3599 456 3636 ne
475 3582 573 3637 victus
598 3584 768 3646 videretur,
795 3584 873 3637 inter
896 3585 1105 3656 disputandum
1132 3587 1212 3645 Pro.

165 3685 249 3732 teum
274 3676 405 3732 imitatus
433 3677 558 3745 subito,
589 3694 622 3732 ea
653 3695 717 3749 quae
742 3678 770 3731 in
793 3679 939 3749 principio
962 3697 1070 3750 magno
1097 3683 1211 3754 impetu

165 3771 367 3846 impugnarat,
395 3772 424 3827 in
452 3771 509 3826 fine
537 3773 634 3826 omnia
662 3774 831 3842 concessit,
857 3775 917 3834 imo
944 3776 1116 3849 affirmavit,
1146 3787 1212 3837 tum

221 3989 249 4037 ft
279 3993 304 4037 tt.
326 3991 351 4039 8·
369 3992 431 4038 ilias.

222 4075 253 4133 Ι)
282 4073 309 4126 ab
331 4073 355 4129 i·
372 4073 541 4126 carolostattit.
