<?xml version="1.0" encoding="UTF-8"?>
<!DOCTYPE html PUBLIC "-//W3C//DTD XHTML 1.0 Transitional//EN"
    "http://www.w3.org/TR/xhtml1/DTD/xhtml1-transitional.dtd">
<html xmlns="http://www.w3.org/1999/xhtml" xml:lang="en" lang="en">
 <head>
  <title>
</title>
<meta http-equiv="Content-Type" content="text/html;charset=utf-8" />
  <meta name='ocr-system' content='tesseract 3.04.00' />
  <meta name='ocr-capabilities' content='ocr_page ocr_carea ocr_par ocr_line ocrx_word'/>
</head>
<body>
  <div class='ocr_page' id='page_1' title='image "./briefesendschre04luthgoog/briefesendschre04luthgoog_0252.png"; bbox 0 0 2574 4732; ppageno 0'>
   <div class='ocr_carea' id='block_1_1' title="bbox 561 326 1127 396">
    <p class='ocr_par' dir='ltr' id='par_1_1' title="bbox 561 326 1127 396">
     <span class='ocr_line' id='line_1_1' title="bbox 561 326 1127 396; baseline 0.009 -7"><span class='ocrx_word' id='word_1_1' title='bbox 561 326 652 396; x_wconf 79' lang='lat'><strong>1519.</strong></span> <span class='ocrx_word' id='word_1_2' title='bbox 1064 331 1127 395; x_wconf 76' lang='lat' dir='ltr'><strong>atu</strong></span> 
     </span>
    </p>
   </div>
   <div class='ocr_carea' id='block_1_2' title="bbox 76 480 1130 2426">
    <p class='ocr_par' dir='ltr' id='par_1_2' title="bbox 76 480 1129 1306">
     <span class='ocr_line' id='line_1_2' title="bbox 147 480 1127 559; baseline 0.001 -17"><span class='ocrx_word' id='word_1_3' title='bbox 147 487 248 557; x_wconf 79' lang='lat' dir='ltr'><strong>Atque</strong></span> <span class='ocrx_word' id='word_1_4' title='bbox 278 492 311 538; x_wconf 92' lang='lat' dir='ltr'><strong>ut</strong></span> <span class='ocrx_word' id='word_1_5' title='bbox 337 480 501 538; x_wconf 82' lang='lat' dir='ltr'><strong>novissime</strong></span> <span class='ocrx_word' id='word_1_6' title='bbox 525 482 620 538; x_wconf 80' lang='lat' dir='ltr'><strong>nostri</strong></span> <span class='ocrx_word' id='word_1_7' title='bbox 654 480 811 554; x_wconf 87' lang='lat' dir='ltr'><strong>aliquando</strong></span> <span class='ocrx_word' id='word_1_8' title='bbox 840 491 871 540; x_wconf 88' lang='lat' dir='ltr'><strong>et</strong></span> <span class='ocrx_word' id='word_1_9' title='bbox 899 500 1019 543; x_wconf 86' lang='lat' dir='ltr'><strong>memor</strong></span> <span class='ocrx_word' id='word_1_10' title='bbox 1048 488 1127 559; x_wconf 85' lang='lat' dir='ltr'><strong>sim,</strong></span> 
     </span>
     <span class='ocr_line' id='line_1_3' title="bbox 79 560 1125 652; baseline 0.001 -17"><span class='ocrx_word' id='word_1_11' title='bbox 79 596 249 651; x_wconf 73' lang='lat' dir='ltr'><strong>quanquam</strong></span> <span class='ocrx_word' id='word_1_12' title='bbox 268 579 298 633; x_wconf 93' lang='lat' dir='ltr'><strong>id</strong></span> <span class='ocrx_word' id='word_1_13' title='bbox 319 560 479 632; x_wconf 86' lang='lat' dir='ltr'><strong>admodum</strong></span> <span class='ocrx_word' id='word_1_14' title='bbox 496 575 575 631; x_wconf 80' lang='lat' dir='ltr'><strong>facio</strong></span> <span class='ocrx_word' id='word_1_15' title='bbox 588 577 711 645; x_wconf 76' lang='lat' dir='ltr'><strong>invitus,</strong></span> <span class='ocrx_word' id='word_1_16' title='bbox 727 577 967 648; x_wconf 73' lang='lat' dir='ltr'><strong>christophorus</strong></span> <span class='ocrx_word' id='word_1_17' title='bbox 981 581 1125 652; x_wconf 87' lang='lat' dir='ltr'><strong>Bressen,</strong></span> 
     </span>
     <span class='ocr_line' id='line_1_4' title="bbox 77 656 1126 742; baseline 0.003 -13"><span class='ocrx_word' id='word_1_18' title='bbox 77 675 252 730; x_wconf 82' lang='lat' dir='ltr'><strong>censuarios</strong></span> <span class='ocrx_word' id='word_1_19' title='bbox 270 681 376 727; x_wconf 87' lang='lat' dir='ltr'><strong>noster</strong></span> <span class='ocrx_word' id='word_1_20' title='bbox 397 672 429 725; x_wconf 91' lang='lat' dir='ltr'><strong>in·</strong></span> <span class='ocrx_word' id='word_1_21' title='bbox 448 656 652 739; x_wconf 76' lang='lat' dir='ltr'><strong>Mottarwit&#39;z,</strong></span> <span class='ocrx_word' id='word_1_22' title='bbox 671 670 727 726; x_wconf 89' lang='lat' dir='ltr'><strong>sub</strong></span> <span class='ocrx_word' id='word_1_23' title='bbox 744 670 922 742; x_wconf 71' lang='lat' dir='ltr'><strong>praefectura</strong></span> <span class='ocrx_word' id='word_1_24' title='bbox 940 671 1126 733; x_wconf 84' lang='lat' dir='ltr'><strong>Leisniceusi</strong></span> 
     </span>
     <span class='ocr_line' id='line_1_5' title="bbox 76 763 1126 836; baseline -0.002 -11"><span class='ocrx_word' id='word_1_25' title='bbox 76 783 219 836; x_wconf 85' lang='lat' dir='ltr'><strong>morans,</strong></span> <span class='ocrx_word' id='word_1_26' title='bbox 231 767 295 836; x_wconf 82' lang='lat' dir='ltr'><strong>jam</strong></span> <span class='ocrx_word' id='word_1_27' title='bbox 314 766 364 821; x_wconf 91' lang='lat' dir='ltr'><strong>diu</strong></span> <span class='ocrx_word' id='word_1_28' title='bbox 384 765 483 820; x_wconf 82' lang='lat' dir='ltr'><strong>differt</strong></span> <span class='ocrx_word' id='word_1_29' title='bbox 502 766 630 836; x_wconf 87' lang='lat' dir='ltr'><strong>pendere</strong></span> <span class='ocrx_word' id='word_1_30' title='bbox 651 765 739 821; x_wconf 86' lang='lat' dir='ltr'><strong>nobis</strong></span> <span class='ocrx_word' id='word_1_31' title='bbox 759 780 883 823; x_wconf 83' lang='lat' dir='ltr'><strong>censum</strong></span> <span class='ocrx_word' id='word_1_32' title='bbox 901 763 1046 824; x_wconf 84' lang='lat' dir='ltr'><strong>debiturn.</strong></span> <span class='ocrx_word' id='word_1_33' title='bbox 1074 770 1126 827; x_wconf 81' lang='lat' dir='ltr'><strong>De</strong></span> 
     </span>
     <span class='ocr_line' id='line_1_6' title="bbox 77 858 1125 930; baseline -0.002 -12"><span class='ocrx_word' id='word_1_34' title='bbox 77 869 189 918; x_wconf 82' lang='lat' dir='ltr'><strong>exacto</strong></span> <span class='ocrx_word' id='word_1_35' title='bbox 211 878 289 916; x_wconf 91' lang='lat' dir='ltr'><strong>auno</strong></span> <span class='ocrx_word' id='word_1_36' title='bbox 309 861 440 914; x_wconf 89' lang='lat' dir='ltr'><strong>nondum</strong></span> <span class='ocrx_word' id='word_1_37' title='bbox 458 859 544 930; x_wconf 88' lang='lat' dir='ltr'><strong>plene</strong></span> <span class='ocrx_word' id='word_1_38' title='bbox 559 859 728 926; x_wconf 70' lang='lat' dir='ltr'>satisfecit,</span> <span class='ocrx_word' id='word_1_39' title='bbox 755 866 845 929; x_wconf 84' lang='lat' dir='ltr'><strong>atque</strong></span> <span class='ocrx_word' id='word_1_40' title='bbox 864 858 921 928; x_wconf 81' lang='lat' dir='ltr'><strong>jam</strong></span> <span class='ocrx_word' id='word_1_41' title='bbox 940 874 1021 915; x_wconf 87' lang='lat' dir='ltr'><strong>novo</strong></span> <span class='ocrx_word' id='word_1_42' title='bbox 1046 878 1125 920; x_wconf 87' lang='lat' dir='ltr'><strong>auno</strong></span> 
     </span>
     <span class='ocr_line' id='line_1_7' title="bbox 77 950 1126 1025; baseline -0.004 -13"><span class='ocrx_word' id='word_1_43' title='bbox 77 956 308 1012; x_wconf 75' lang='lat' dir='ltr'><strong>accumulantur</strong></span> <span class='ocrx_word' id='word_1_44' title='bbox 326 968 433 1009; x_wconf 84' lang='lat' dir='ltr'><strong>census</strong></span> <span class='ocrx_word' id='word_1_45' title='bbox 454 956 640 1024; x_wconf 75' lang='lat' dir='ltr'><strong>posteriores</strong></span> <span class='ocrx_word' id='word_1_46' title='bbox 653 951 813 1025; x_wconf 76' lang='lat' dir='ltr'><strong>prioribus.</strong></span> <span class='ocrx_word' id='word_1_47' title='bbox 852 950 981 1022; x_wconf 76' lang='lat' dir='ltr'><strong>Peperci</strong></span> <span class='ocrx_word' id='word_1_48' title='bbox 999 952 1126 1025; x_wconf 79' lang='lat' dir='ltr'><strong>homini,</strong></span> 
     </span>
     <span class='ocr_line' id='line_1_8' title="bbox 76 1044 1129 1118; baseline -0.003 -14"><span class='ocrx_word' id='word_1_49' title='bbox 76 1066 116 1104; x_wconf 87' lang='lat' dir='ltr'><strong>na</strong></span> <span class='ocrx_word' id='word_1_50' title='bbox 146 1064 215 1103; x_wconf 88' lang='lat' dir='ltr'><strong>eum</strong></span> <span class='ocrx_word' id='word_1_51' title='bbox 247 1048 397 1102; x_wconf 82' lang='lat' dir='ltr'><strong>traderem</strong></span> <span class='ocrx_word' id='word_1_52' title='bbox 424 1046 454 1100; x_wconf 90' lang='lat' dir='ltr'><strong>iu</strong></span> <span class='ocrx_word' id='word_1_53' title='bbox 485 1045 635 1118; x_wconf 82' lang='lat' dir='ltr'><strong>Principis</strong></span> <span class='ocrx_word' id='word_1_54' title='bbox 663 1044 855 1101; x_wconf 73' lang='lat' dir='ltr'><strong>illustrissimi</strong></span> <span class='ocrx_word' id='word_1_55' title='bbox 879 1045 1129 1116; x_wconf 81' lang='lat' dir='ltr'><strong>indignationem,</strong></span> 
     </span>
     <span class='ocr_line' id='line_1_9' title="bbox 78 1138 1129 1213; baseline -0.006 -14"><span class='ocrx_word' id='word_1_56' title='bbox 78 1142 132 1199; x_wconf 80' lang='lat' dir='ltr'><strong>scd</strong></span> <span class='ocrx_word' id='word_1_57' title='bbox 152 1141 317 1213; x_wconf 86' lang='lat' dir='ltr'><strong>periculum</strong></span> <span class='ocrx_word' id='word_1_58' title='bbox 334 1140 477 1195; x_wconf 85' lang='lat' dir='ltr'><strong>eximium</strong></span> <span class='ocrx_word' id='word_1_59' title='bbox 492 1148 523 1193; x_wconf 92' lang='lat' dir='ltr'><strong>et</strong></span> <span class='ocrx_word' id='word_1_60' title='bbox 539 1142 583 1196; x_wconf 89' lang='lat' dir='ltr'><strong>rei</strong></span> <span class='ocrx_word' id='word_1_61' title='bbox 604 1150 635 1196; x_wconf 90' lang='lat' dir='ltr'><strong>et</strong></span> <span class='ocrx_word' id='word_1_62' title='bbox 653 1150 793 1196; x_wconf 82' lang='lat' dir='ltr'><strong>nostrum</strong></span> <span class='ocrx_word' id='word_1_63' title='bbox 812 1140 894 1210; x_wconf 76' lang='lat' dir='ltr'><strong>cogit</strong></span> <span class='ocrx_word' id='word_1_64' title='bbox 910 1140 1010 1197; x_wconf 88' lang='lat' dir='ltr'><strong>denuc</strong></span> <span class='ocrx_word' id='word_1_65' title='bbox 1031 1138 1129 1211; x_wconf 83' lang='lat' dir='ltr'><strong>mpla.</strong></span> 
     </span>
     <span class='ocr_line' id='line_1_10' title="bbox 80 1234 361 1306; baseline -0.011 -14"><span class='ocrx_word' id='word_1_66' title='bbox 80 1245 160 1292; x_wconf 85' lang='lat' dir='ltr'><strong>atare</strong></span> <span class='ocrx_word' id='word_1_67' title='bbox 177 1234 361 1306; x_wconf 86' lang='lat' dir='ltr'><strong>Principem.</strong></span> 
     </span>
    </p>

    <p class='ocr_par' dir='ltr' id='par_1_3' title="bbox 78 1325 1130 2426">
     <span class='ocr_line' id='line_1_11' title="bbox 151 1325 1126 1402; baseline 0 -19"><span class='ocrx_word' id='word_1_68' title='bbox 151 1328 253 1402; x_wconf 80' lang='lat' dir='ltr'><strong>Quare</strong></span> <span class='ocrx_word' id='word_1_69' title='bbox 275 1337 306 1384; x_wconf 87' lang='lat' dir='ltr'><strong>te</strong></span> <span class='ocrx_word' id='word_1_70' title='bbox 330 1345 405 1396; x_wconf 86' lang='lat' dir='ltr'><strong>oro,</strong></span> <span class='ocrx_word' id='word_1_71' title='bbox 433 1335 466 1382; x_wconf 90' lang='lat' dir='ltr'><strong>nt</strong></span> <span class='ocrx_word' id='word_1_72' title='bbox 487 1343 541 1398; x_wconf 90' lang='lat' dir='ltr'><strong>pro</strong></span> <span class='ocrx_word' id='word_1_73' title='bbox 562 1327 650 1383; x_wconf 81' lang='lat' dir='ltr'><strong>nobis</strong></span> <span class='ocrx_word' id='word_1_74' title='bbox 674 1327 782 1400; x_wconf 87' lang='lat' dir='ltr'><strong>aliquid</strong></span> <span class='ocrx_word' id='word_1_75' title='bbox 804 1328 834 1383; x_wconf 90' lang='lat' dir='ltr'><strong>in</strong></span> <span class='ocrx_word' id='word_1_76' title='bbox 854 1328 913 1384; x_wconf 87' lang='lat' dir='ltr'><strong>hac</strong></span> <span class='ocrx_word' id='word_1_77' title='bbox 937 1344 970 1383; x_wconf 89' lang='lat' dir='ltr'><strong>re</strong></span> <span class='ocrx_word' id='word_1_78' title='bbox 991 1325 1126 1383; x_wconf 82' lang='lat' dir='ltr'><strong>labores.</strong></span> 
     </span>
     <span class='ocr_line' id='line_1_12' title="bbox 81 1420 1128 1496; baseline -0.003 -18"><span class='ocrx_word' id='word_1_79' title='bbox 81 1425 123 1480; x_wconf 82' lang='lat'><strong>20.</strong></span> <span class='ocrx_word' id='word_1_80' title='bbox 142 1421 221 1478; x_wconf 84' lang='lat' dir='ltr'><strong>Flor.</strong></span> <span class='ocrx_word' id='word_1_81' title='bbox 239 1437 355 1478; x_wconf 89' lang='lat' dir='ltr'><strong>summa</strong></span> <span class='ocrx_word' id='word_1_82' title='bbox 378 1432 424 1477; x_wconf 84' lang='lat' dir='ltr'><strong>eet</strong></span> <span class='ocrx_word' id='word_1_83' title='bbox 441 1420 532 1477; x_wconf 90' lang='lat' dir='ltr'><strong>debiti</strong></span> <span class='ocrx_word' id='word_1_84' title='bbox 556 1437 664 1478; x_wconf 84' lang='lat' dir='ltr'><strong>census</strong></span> <span class='ocrx_word' id='word_1_85' title='bbox 685 1423 842 1496; x_wconf 86' lang='lat' dir='ltr'><strong>utriusque</strong></span> <span class='ocrx_word' id='word_1_86' title='bbox 859 1421 975 1478; x_wconf 85' lang='lat' dir='ltr'><strong>colluti:</strong></span> <span class='ocrx_word' id='word_1_87' title='bbox 1002 1432 1034 1476; x_wconf 90' lang='lat' dir='ltr'><strong>et</strong></span> <span class='ocrx_word' id='word_1_88' title='bbox 1053 1437 1128 1493; x_wconf 87' lang='lat' dir='ltr'><strong>pau.</strong></span> 
     </span>
     <span class='ocr_line' id='line_1_13' title="bbox 81 1508 1124 1589; baseline 0.001 -17"><span class='ocrx_word' id='word_1_89' title='bbox 81 1522 168 1589; x_wconf 83' lang='lat' dir='ltr'><strong>peres</strong></span> <span class='ocrx_word' id='word_1_90' title='bbox 186 1532 307 1585; x_wconf 83' lang='lat' dir='ltr'><strong>sumus,</strong></span> <span class='ocrx_word' id='word_1_91' title='bbox 325 1525 360 1572; x_wconf 89' lang='lat' dir='ltr'><strong>ut</strong></span> <span class='ocrx_word' id='word_1_92' title='bbox 375 1517 466 1584; x_wconf 85' lang='lat' dir='ltr'><strong>nosti,</strong></span> <span class='ocrx_word' id='word_1_93' title='bbox 487 1526 516 1570; x_wconf 92' lang='lat' dir='ltr'><strong>et</strong></span> <span class='ocrx_word' id='word_1_94' title='bbox 536 1517 616 1588; x_wconf 90' lang='lat' dir='ltr'><strong>quod</strong></span> <span class='ocrx_word' id='word_1_95' title='bbox 639 1517 725 1588; x_wconf 85' lang='lat' dir='ltr'><strong>pejus</strong></span> <span class='ocrx_word' id='word_1_96' title='bbox 744 1525 807 1582; x_wconf 87' lang='lat' dir='ltr'><strong>eat,</strong></span> <span class='ocrx_word' id='word_1_97' title='bbox 826 1516 952 1570; x_wconf 90' lang='lat' dir='ltr'><strong>multum</strong></span> <span class='ocrx_word' id='word_1_98' title='bbox 967 1508 1124 1573; x_wconf 79' lang='lat' dir='ltr'><strong>debemus.</strong></span> 
     </span>
     <span class='ocr_line' id='line_1_14' title="bbox 80 1606 1126 1681; baseline -0.003 -14"><span class='ocrx_word' id='word_1_99' title='bbox 80 1610 214 1681; x_wconf 75' lang='lat' dir='ltr'><strong>Adjures</strong></span> <span class='ocrx_word' id='word_1_100' title='bbox 235 1626 326 1680; x_wconf 82' lang='lat' dir='ltr'><strong>ergo,</strong></span> <span class='ocrx_word' id='word_1_101' title='bbox 354 1610 407 1664; x_wconf 87' lang='lat' dir='ltr'><strong>sed</strong></span> <span class='ocrx_word' id='word_1_102' title='bbox 433 1609 490 1671; x_wconf 75' lang='lat' dir='ltr'><strong>ita.</strong></span> <span class='ocrx_word' id='word_1_103' title='bbox 513 1621 548 1664; x_wconf 81' lang='lat' dir='ltr'><strong>nt</strong></span> <span class='ocrx_word' id='word_1_104' title='bbox 568 1610 682 1663; x_wconf 88' lang='lat' dir='ltr'><strong>animus</strong></span> <span class='ocrx_word' id='word_1_105' title='bbox 702 1607 872 1679; x_wconf 82' lang='lat' dir='ltr'><strong>Principia,</strong></span> <span class='ocrx_word' id='word_1_106' title='bbox 897 1618 1040 1679; x_wconf 84' lang='lat' dir='ltr'><strong>quantum</strong></span> <span class='ocrx_word' id='word_1_107' title='bbox 1061 1606 1126 1664; x_wconf 82' lang='lat' dir='ltr'><strong>fieri</strong></span> 
     </span>
     <span class='ocr_line' id='line_1_15' title="bbox 82 1700 1128 1775; baseline -0.002 -17"><span class='ocrx_word' id='word_1_108' title='bbox 82 1712 201 1775; x_wconf 86' lang='lat' dir='ltr'><strong>potest,</strong></span> <span class='ocrx_word' id='word_1_109' title='bbox 218 1720 279 1758; x_wconf 93' lang='lat' dir='ltr'><strong>non</strong></span> <span class='ocrx_word' id='word_1_110' title='bbox 299 1703 434 1757; x_wconf 79' lang='lat' dir='ltr'><strong>irritetur</strong></span> <span class='ocrx_word' id='word_1_111' title='bbox 449 1702 593 1757; x_wconf 84' lang='lat' dir='ltr'><strong>adversus</strong></span> <span class='ocrx_word' id='word_1_112' title='bbox 610 1702 774 1756; x_wconf 86' lang='lat' dir='ltr'><strong>hominem.</strong></span> <span class='ocrx_word' id='word_1_113' title='bbox 809 1700 878 1755; x_wconf 90' lang='lat' dir='ltr'><strong>Scio</strong></span> <span class='ocrx_word' id='word_1_114' title='bbox 898 1701 1015 1772; x_wconf 89' lang='lat' dir='ltr'><strong>culpam</strong></span> <span class='ocrx_word' id='word_1_115' title='bbox 1036 1700 1128 1765; x_wconf 84' lang='lat' dir='ltr'><strong>pobia</strong></span> 
     </span>
     <span class='ocr_line' id='line_1_16' title="bbox 81 1793 1130 1869; baseline 0 -19"><span class='ocrx_word' id='word_1_116' title='bbox 81 1797 242 1869; x_wconf 87' lang='lat' dir='ltr'><strong>imputari,</strong></span> <span class='ocrx_word' id='word_1_117' title='bbox 258 1797 308 1867; x_wconf 89' lang='lat' dir='ltr'><strong>qui</strong></span> <span class='ocrx_word' id='word_1_118' title='bbox 329 1793 537 1850; x_wconf 80' lang='lat' dir='ltr'><strong>vendidimusr</strong></span> <span class='ocrx_word' id='word_1_119' title='bbox 558 1793 610 1848; x_wconf 86' lang='lat' dir='ltr'><strong>sed</strong></span> <span class='ocrx_word' id='word_1_120' title='bbox 627 1809 683 1848; x_wconf 87' lang='lat' dir='ltr'><strong>nos</strong></span> <span class='ocrx_word' id='word_1_121' title='bbox 702 1794 772 1849; x_wconf 92' lang='lat' dir='ltr'><strong>Deo</strong></span> <span class='ocrx_word' id='word_1_122' title='bbox 789 1809 910 1848; x_wconf 88' lang='lat' dir='ltr'><strong>rursum</strong></span> <span class='ocrx_word' id='word_1_123' title='bbox 924 1793 1130 1864; x_wconf 83' lang='lat' dir='ltr'><strong>imputamus„</strong></span> 
     </span>
     <span class='ocr_line' id='line_1_17' title="bbox 80 1885 1125 1961; baseline -0.005 -16"><span class='ocrx_word' id='word_1_124' title='bbox 80 1899 113 1945; x_wconf 90' lang='lat' dir='ltr'><strong>ut</strong></span> <span class='ocrx_word' id='word_1_125' title='bbox 129 1891 180 1961; x_wconf 87' lang='lat' dir='ltr'><strong>qui</strong></span> <span class='ocrx_word' id='word_1_126' title='bbox 196 1887 372 1958; x_wconf 87' lang='lat' dir='ltr'><strong>temporalia</strong></span> <span class='ocrx_word' id='word_1_127' title='bbox 389 1901 496 1957; x_wconf 89' lang='lat' dir='ltr'><strong>parum</strong></span> <span class='ocrx_word' id='word_1_128' title='bbox 511 1901 636 1954; x_wconf 87' lang='lat' dir='ltr'><strong>curare,</strong></span> <span class='ocrx_word' id='word_1_129' title='bbox 664 1895 694 1940; x_wconf 87' lang='lat' dir='ltr'><strong>et</strong></span> <span class='ocrx_word' id='word_1_130' title='bbox 711 1886 768 1941; x_wconf 86' lang='lat' dir='ltr'><strong>sub</strong></span> <span class='ocrx_word' id='word_1_131' title='bbox 787 1885 843 1941; x_wconf 86' lang='lat' dir='ltr'><strong>lide</strong></span> <span class='ocrx_word' id='word_1_132' title='bbox 863 1895 992 1942; x_wconf 86' lang='lat' dir='ltr'><strong>tractare</strong></span> <span class='ocrx_word' id='word_1_133' title='bbox 1012 1887 1125 1942; x_wconf 76' lang='lat' dir='ltr'><strong>docue-</strong></span> 
     </span>
     <span class='ocr_line' id='line_1_18' title="bbox 79 1978 1130 2052; baseline -0.003 -16"><span class='ocrx_word' id='word_1_134' title='bbox 79 1983 131 2036; x_wconf 87' lang='lat' dir='ltr'><strong>rit.</strong></span> <span class='ocrx_word' id='word_1_135' title='bbox 166 1980 252 2034; x_wconf 90' lang='lat' dir='ltr'><strong>Stulti</strong></span> <span class='ocrx_word' id='word_1_136' title='bbox 269 1980 378 2034; x_wconf 80' lang='lat' dir='ltr'><strong>fuimus</strong></span> <span class='ocrx_word' id='word_1_137' title='bbox 394 1978 559 2034; x_wconf 88' lang='lat' dir='ltr'><strong>secundum</strong></span> <span class='ocrx_word' id='word_1_138' title='bbox 577 1996 697 2035; x_wconf 86' lang='lat' dir='ltr'><strong>carnem</strong></span> <span class='ocrx_word' id='word_1_139' title='bbox 707 2018 718 2047; x_wconf 91' lang='lat'>,</span> <span class='ocrx_word' id='word_1_140' title='bbox 735 1979 788 2034; x_wconf 85' lang='lat' dir='ltr'><strong>sed</strong></span> <span class='ocrx_word' id='word_1_141' title='bbox 806 1980 886 2035; x_wconf 85' lang='lat' dir='ltr'><strong>forte</strong></span> <span class='ocrx_word' id='word_1_142' title='bbox 903 1978 988 2034; x_wconf 86' lang='lat' dir='ltr'><strong>Deua</strong></span> <span class='ocrx_word' id='word_1_143' title='bbox 1008 1981 1130 2052; x_wconf 65' lang='lat' dir='ltr'><strong>sapien.</strong></span> 
     </span>
     <span class='ocr_line' id='line_1_19' title="bbox 80 2072 1125 2141; baseline 0 -13"><span class='ocrx_word' id='word_1_144' title='bbox 80 2075 151 2129; x_wconf 82' lang='lat' dir='ltr'><strong>tium</strong></span> <span class='ocrx_word' id='word_1_145' title='bbox 171 2088 254 2128; x_wconf 84' lang='lat' dir='ltr'><strong>suam</strong></span> <span class='ocrx_word' id='word_1_146' title='bbox 270 2074 310 2127; x_wconf 84' lang='lat' dir='ltr'><strong>ita</strong></span> <span class='ocrx_word' id='word_1_147' title='bbox 328 2073 423 2128; x_wconf 87' lang='lat' dir='ltr'><strong>voluit</strong></span> <span class='ocrx_word' id='word_1_148' title='bbox 440 2072 647 2141; x_wconf 79' lang='lat' dir='ltr'><strong>manifestare,</strong></span> <span class='ocrx_word' id='word_1_149' title='bbox 664 2075 743 2128; x_wconf 84' lang='lat' dir='ltr'><strong>sicut</strong></span> <span class='ocrx_word' id='word_1_150' title='bbox 758 2082 804 2128; x_wconf 82' lang='lat' dir='ltr'><strong>est</strong></span> <span class='ocrx_word' id='word_1_151' title='bbox 818 2072 962 2127; x_wconf 83' lang='lat' dir='ltr'><strong>mirabilis</strong></span> <span class='ocrx_word' id='word_1_152' title='bbox 981 2072 1010 2126; x_wconf 88' lang='lat' dir='ltr'><strong>iu</strong></span> <span class='ocrx_word' id='word_1_153' title='bbox 1027 2073 1125 2128; x_wconf 87' lang='lat' dir='ltr'><strong>ornui.</strong></span> 
     </span>
     <span class='ocr_line' id='line_1_20' title="bbox 79 2165 1124 2239; baseline -0.001 -18"><span class='ocrx_word' id='word_1_154' title='bbox 79 2165 297 2238; x_wconf 83' lang='lat' dir='ltr'><strong>busoperibus</strong></span> <span class='ocrx_word' id='word_1_155' title='bbox 316 2167 395 2229; x_wconf 82' lang='lat' dir='ltr'><strong>suis,</strong></span> <span class='ocrx_word' id='word_1_156' title='bbox 412 2175 532 2222; x_wconf 87' lang='lat' dir='ltr'><strong>sanctus</strong></span> <span class='ocrx_word' id='word_1_157' title='bbox 551 2184 618 2223; x_wconf 89' lang='lat' dir='ltr'><strong>cum</strong></span> <span class='ocrx_word' id='word_1_158' title='bbox 637 2169 767 2237; x_wconf 85' lang='lat' dir='ltr'><strong>sanctis,</strong></span> <span class='ocrx_word' id='word_1_159' title='bbox 787 2183 946 2239; x_wconf 80' lang='lat' dir='ltr'><strong>pervorans</strong></span> <span class='ocrx_word' id='word_1_160' title='bbox 964 2182 1034 2222; x_wconf 90' lang='lat' dir='ltr'><strong>cum</strong></span> <span class='ocrx_word' id='word_1_161' title='bbox 1055 2183 1124 2238; x_wconf 90' lang='lat' dir='ltr'><strong>per.</strong></span> 
     </span>
     <span class='ocr_line' id='line_1_21' title="bbox 78 2251 1118 2332; baseline 0.003 -16"><span class='ocrx_word' id='word_1_162' title='bbox 78 2261 187 2316; x_wconf 84' lang='lat' dir='ltr'><strong>versis.</strong></span> <span class='ocrx_word' id='word_1_163' title='bbox 220 2259 292 2316; x_wconf 85' lang='lat' dir='ltr'><strong>Vale</strong></span> <span class='ocrx_word' id='word_1_164' title='bbox 313 2270 342 2315; x_wconf 86' lang='lat' dir='ltr'><strong>et</strong></span> <span class='ocrx_word' id='word_1_165' title='bbox 361 2261 519 2332; x_wconf 85' lang='lat' dir='ltr'><strong>responde.</strong></span> <span class='ocrx_word' id='word_1_166' title='bbox 558 2260 659 2330; x_wconf 79' lang='lat' dir='ltr'><strong>vigilia</strong></span> <span class='ocrx_word' id='word_1_167' title='bbox 675 2262 703 2316; x_wconf 89' lang='lat' dir='ltr'><strong>S.</strong></span> <span class='ocrx_word' id='word_1_168' title='bbox 726 2261 807 2319; x_wconf 85' lang='lat' dir='ltr'><strong>Pauli</strong></span> <span class='ocrx_word' id='word_1_169' title='bbox 826 2257 865 2319; x_wconf 76' lang='grc' dir='ltr'><strong>τιῖ</strong></span> <span class='ocrx_word' id='word_1_170' title='bbox 874 2251 982 2332; x_wconf 73' lang='grc' dir='ltr'><strong>ι’ργιίνιυ</strong></span> <span class='ocrx_word' id='word_1_171' title='bbox 995 2251 1118 2320; x_wconf 72' lang='lat' dir='ltr'><strong>a&#39;xm&#39;eru</strong></span> 
     </span>
     <span class='ocr_line' id='line_1_22' title="bbox 78 2348 680 2426; baseline 0.007 -18"><span class='ocrx_word' id='word_1_172' title='bbox 78 2348 106 2409; x_wconf 65' lang='grc' dir='ltr'><strong>ἓν</strong></span> <span class='ocrx_word' id='word_1_173' title='bbox 119 2352 201 2426; x_wconf 56' lang='lat' dir='ltr'><strong>mssa?</strong></span> <span class='ocrx_word' id='word_1_174' title='bbox 220 2351 312 2426; x_wconf 64' lang='grc' dir='ltr'><strong>σωτῆρι</strong></span> <span class='ocrx_word' id='word_1_175' title='bbox 327 2349 415 2421; x_wconf 59' lang='lat' dir='ltr'><strong>iudi,</strong></span> <span class='ocrx_word' id='word_1_176' title='bbox 436 2371 512 2411; x_wconf 85' lang='lat' dir='ltr'><strong>anuo</strong></span> <span class='ocrx_word' id='word_1_177' title='bbox 528 2353 680 2412; x_wconf 71' lang='lat' dir='ltr'><strong>MDXIX.</strong></span> 
     </span>
    </p>
   </div>
   <div class='ocr_carea' id='block_1_3' title="bbox 733 2442 1119 2519">
    <p class='ocr_par' dir='ltr' id='par_1_4' title="bbox 733 2442 1119 2519">
     <span class='ocr_line' id='line_1_23' title="bbox 733 2442 1119 2519; baseline -0.003 -14"><span class='ocrx_word' id='word_1_178' title='bbox 733 2447 886 2506; x_wconf 83' lang='lat' dir='ltr'><strong>Martinus</strong></span> <span class='ocrx_word' id='word_1_179' title='bbox 903 2442 1058 2519; x_wconf 60' lang='grc' dir='ltr'><strong>Ε’λιυθίμος</strong></span> <span class='ocrx_word' id='word_1_180' title='bbox 1073 2447 1119 2515; x_wconf 85' lang='lat'><strong>²).</strong></span> 
     </span>
    </p>
   </div>
   <div class='ocr_carea' id='block_1_4' title="bbox 488 2737 705 2952">
    <p class='ocr_par' dir='ltr' id='par_1_5' title="bbox 488 2737 705 2952">
     <span class='ocr_line' id='line_1_24' title="bbox 488 2737 705 2806; baseline 0.014 -16"><span class='ocrx_word' id='word_1_181' title='bbox 488 2742 515 2793; x_wconf 82' lang='lat'><strong>2.</strong></span> <span class='ocrx_word' id='word_1_182' title='bbox 541 2737 705 2806; x_wconf 57' lang='lat' dir='ltr'><strong>&amp;ritune</strong></span> 
     </span>
     <span class='ocr_line' id='line_1_25' title="bbox 499 2883 693 2952; baseline -0.005 0"><span class='ocrx_word' id='word_1_183' title='bbox 499 2884 560 2952; x_wconf 86' lang='lat' dir='ltr'><strong>N⁰.</strong></span> <span class='ocrx_word' id='word_1_184' title='bbox 586 2883 693 2951; x_wconf 83' lang='lat' dir='ltr'><strong>CXV.</strong></span> 
     </span>
    </p>
   </div>
   <div class='ocr_carea' id='block_1_5' title="bbox 297 3044 1002 3147">
    <p class='ocr_par' dir='ltr' id='par_1_6' title="bbox 297 3044 1002 3147">
     <span class='ocr_line' id='line_1_26' title="bbox 297 3044 1002 3147; baseline -0.009 -30"><span class='ocrx_word' id='word_1_185' title='bbox 297 3045 346 3117; x_wconf 70' lang='lat' dir='ltr'><strong>ltu</strong></span> <span class='ocrx_word' id='word_1_186' title='bbox 375 3044 467 3128; x_wconf 65' lang='lat' dir='ltr'><strong>fiiri.</strong></span> <span class='ocrx_word' id='word_1_187' title='bbox 490 3045 670 3127; x_wconf 68' lang='lat' dir='ltr'><strong>opltinl</strong></span> <span class='ocrx_word' id='word_1_188' title='bbox 700 3044 900 3126; x_wconf 65' lang='lat' dir='ltr'><strong>diruunt.</strong></span> <span class='ocrx_word' id='word_1_189' title='bbox 933 3142 935 3147; x_wconf 14' lang='grc' dir='ltr'>Ι</span> <span class='ocrx_word' id='word_1_190' title='bbox 998 3130 1002 3138; x_wconf 26' lang='lat'>¹</span> 
     </span>
    </p>
   </div>
   <div class='ocr_carea' id='block_1_6' title="bbox 80 3178 1130 3346">
    <p class='ocr_par' dir='ltr' id='par_1_7' title="bbox 80 3178 1130 3346">
     <span class='ocr_line' id='line_1_27' title="bbox 134 3178 1130 3260; baseline -0.005 -9"><span class='ocrx_word' id='word_1_191' title='bbox 134 3204 157 3251; x_wconf 63' lang='grc' dir='ltr'><strong>ἓ.</strong></span> <span class='ocrx_word' id='word_1_192' title='bbox 174 3202 279 3254; x_wconf 73' lang='lat' dir='ltr'><strong>tntum</strong></span> <span class='ocrx_word' id='word_1_193' title='bbox 290 3202 346 3251; x_wconf 81' lang='lat' dir='ltr'><strong>iilur</strong></span> <span class='ocrx_word' id='word_1_194' title='bbox 360 3205 396 3252; x_wconf 76' lang='lat' dir='ltr'><strong>lic</strong></span> <span class='ocrx_word' id='word_1_195' title='bbox 407 3206 604 3260; x_wconf 68' lang='lat' dir='ltr'><strong>merlarllumrn</strong></span> <span class='ocrx_word' id='word_1_196' title='bbox 619 3204 664 3249; x_wconf 80' lang='lat' dir='ltr'><strong>mit</strong></span> <span class='ocrx_word' id='word_1_197' title='bbox 674 3200 772 3259; x_wconf 65' lang='lat' dir='ltr'><strong>utilitia.</strong></span> <span class='ocrx_word' id='word_1_198' title='bbox 787 3202 826 3247; x_wconf 78' lang='lat' dir='ltr'><strong>let</strong></span> <span class='ocrx_word' id='word_1_199' title='bbox 840 3202 898 3250; x_wconf 78' lang='lat' dir='ltr'><strong>tlon</strong></span> <span class='ocrx_word' id='word_1_200' title='bbox 912 3197 1014 3250; x_wconf 64' lang='lat' dir='ltr'><strong>erridt</strong></span> <span class='ocrx_word' id='word_1_201' title='bbox 1024 3178 1130 3254; x_wconf 65' lang='lat' dir='ltr'><strong>aultloti</strong></span> 
     </span>
     <span class='ocr_line' id='line_1_28' title="bbox 80 3287 1121 3346; baseline 0.002 -13"><span class='ocrx_word' id='word_1_202' title='bbox 80 3288 180 3340; x_wconf 74' lang='lat' dir='ltr'><strong>oroirul</strong></span> <span class='ocrx_word' id='word_1_203' title='bbox 195 3290 354 3343; x_wconf 69' lang='lat' dir='ltr'><strong>autpertum.</strong></span> <span class='ocrx_word' id='word_1_204' title='bbox 376 3292 470 3345; x_wconf 76' lang='lat' dir='ltr'><strong>nadlrr</strong></span> <span class='ocrx_word' id='word_1_205' title='bbox 492 3293 545 3340; x_wconf 79' lang='lat' dir='ltr'><strong>aire</strong></span> <span class='ocrx_word' id='word_1_206' title='bbox 561 3301 604 3346; x_wconf 70' lang='lat' dir='ltr'><strong>aar</strong></span> <span class='ocrx_word' id='word_1_207' title='bbox 618 3290 742 3343; x_wconf 77' lang='lat' dir='ltr'><strong>irrunllldr</strong></span> <span class='ocrx_word' id='word_1_208' title='bbox 759 3289 879 3344; x_wconf 71' lang='lat' dir='ltr'><strong>ornorltrr</strong></span> <span class='ocrx_word' id='word_1_209' title='bbox 895 3289 936 3340; x_wconf 82' lang='lat' dir='ltr'><strong>ltu.</strong></span> <span class='ocrx_word' id='word_1_210' title='bbox 964 3289 999 3339; x_wconf 67' lang='lat' dir='ltr'><strong>Gt</strong></span> <span class='ocrx_word' id='word_1_211' title='bbox 1013 3287 1121 3341; x_wconf 70' lang='lat' dir='ltr'><strong>ermuini</strong></span> 
     </span>
    </p>
   </div>
   <div class='ocr_carea' id='block_1_7' title="bbox 80 3374 1121 3512">
    <p class='ocr_par' dir='ltr' id='par_1_8' title="bbox 80 3374 1121 3512">
     <span class='ocr_line' id='line_1_29' title="bbox 81 3374 1121 3433; baseline 0.005 -14"><span class='ocrx_word' id='word_1_212' title='bbox 81 3374 157 3424; x_wconf 75' lang='lat' dir='ltr'><strong>tuneo</strong></span> <span class='ocrx_word' id='word_1_213' title='bbox 171 3375 279 3428; x_wconf 67' lang='lat' dir='ltr'><strong>tirenum</strong></span> <span class='ocrx_word' id='word_1_214' title='bbox 298 3379 323 3425; x_wconf 87' lang='lat' dir='ltr'><strong>tn</strong></span> <span class='ocrx_word' id='word_1_215' title='bbox 338 3376 440 3433; x_wconf 63' lang='lat' dir='ltr'><strong>antiton</strong></span> <span class='ocrx_word' id='word_1_216' title='bbox 455 3388 480 3433; x_wconf 79' lang='lat' dir='ltr'><strong>au</strong></span> <span class='ocrx_word' id='word_1_217' title='bbox 495 3380 599 3429; x_wconf 73' lang='lat' dir='ltr'><strong>lttlirn.</strong></span> <span class='ocrx_word' id='word_1_218' title='bbox 613 3382 660 3427; x_wconf 80' lang='lat' dir='ltr'><strong>nrt</strong></span> <span class='ocrx_word' id='word_1_219' title='bbox 674 3379 756 3426; x_wconf 74' lang='lat' dir='ltr'><strong>inritet</strong></span> <span class='ocrx_word' id='word_1_220' title='bbox 771 3379 807 3426; x_wconf 69' lang='grc' dir='ltr'><strong>ιιι</strong></span> <span class='ocrx_word' id='word_1_221' title='bbox 825 3376 993 3431; x_wconf 66' lang='lat' dir='ltr'><strong>institituit</strong></span> <span class='ocrx_word' id='word_1_222' title='bbox 1009 3376 1121 3430; x_wconf 65' lang='lat' dir='ltr'><strong>iollam·</strong></span> 
     </span>
     <span class='ocr_line' id='line_1_30' title="bbox 80 3460 257 3512; baseline 0.023 -6"><span class='ocrx_word' id='word_1_223' title='bbox 80 3460 133 3507; x_wconf 78' lang='lat' dir='ltr'><strong>tion</strong></span> <span class='ocrx_word' id='word_1_224' title='bbox 147 3462 192 3508; x_wconf 82' lang='lat' dir='ltr'><strong>uait</strong></span> <span class='ocrx_word' id='word_1_225' title='bbox 206 3462 257 3512; x_wconf 58' lang='lat' dir='ltr'><strong>etl.</strong></span> 
     </span>
    </p>
   </div>
   <div class='ocr_carea' id='block_1_8' title="bbox 144 3647 1068 3704">
    <p class='ocr_par' dir='ltr' id='par_1_9' title="bbox 144 3647 1068 3704">
     <span class='ocr_line' id='line_1_31' title="bbox 144 3647 1068 3704; baseline -0.003 -6"><span class='ocrx_word' id='word_1_226' title='bbox 144 3650 195 3704; x_wconf 55' lang='lat' dir='ltr'><strong>alta</strong></span> <span class='ocrx_word' id='word_1_227' title='bbox 218 3649 506 3701; x_wconf 79' lang='lat' dir='ltr'><strong>nurlfaberl.1l0.</strong></span> <span class='ocrx_word' id='word_1_228' title='bbox 533 3649 631 3704; x_wconf 74' lang='lat' dir='ltr'><strong>neuun</strong></span> <span class='ocrx_word' id='word_1_229' title='bbox 648 3650 688 3703; x_wconf 76' lang='lat' dir='ltr'><strong>dtu</strong></span> <span class='ocrx_word' id='word_1_230' title='bbox 710 3647 812 3700; x_wconf 68' lang='lat' dir='ltr'><strong>tuoto</strong></span> <span class='ocrx_word' id='word_1_231' title='bbox 829 3650 883 3697; x_wconf 78' lang='lat' dir='ltr'><strong>xt’.</strong></span> <span class='ocrx_word' id='word_1_232' title='bbox 905 3648 967 3703; x_wconf 76' lang='lat' dir='ltr'><strong>unt.</strong></span> <span class='ocrx_word' id='word_1_233' title='bbox 986 3649 1068 3695; x_wconf 83' lang='lat' dir='ltr'><strong>XXX.</strong></span> 
     </span>
    </p>
   </div>
   <div class='ocr_carea' id='block_1_9' title="bbox 83 3783 1123 3951">
    <p class='ocr_par' dir='ltr' id='par_1_10' title="bbox 83 3783 1123 3951">
     <span class='ocr_line' id='line_1_32' title="bbox 83 3783 1123 3862; baseline 0.001 -24"><span class='ocrx_word' id='word_1_234' title='bbox 83 3784 166 3841; x_wconf 86' lang='lat' dir='ltr'><strong>Vere</strong></span> <span class='ocrx_word' id='word_1_235' title='bbox 186 3785 336 3862; x_wconf 75' lang='lat' dir='ltr'><strong>Theoloqo</strong></span> <span class='ocrx_word' id='word_1_236' title='bbox 348 3795 377 3841; x_wconf 82' lang='lat' dir='ltr'><strong>et</strong></span> <span class='ocrx_word' id='word_1_237' title='bbox 392 3787 565 3844; x_wconf 74' lang='lat' dir='ltr'><strong>Christiano</strong></span> <span class='ocrx_word' id='word_1_238' title='bbox 582 3788 671 3853; x_wconf 82' lang='lat' dir='ltr'><strong>Viro,</strong></span> <span class='ocrx_word' id='word_1_239' title='bbox 689 3785 826 3843; x_wconf 70' lang='lat' dir='ltr'><strong>Johormr·</strong></span> <span class='ocrx_word' id='word_1_240' title='bbox 839 3785 980 3858; x_wconf 70' lang='lat' dir='ltr'><strong>Eyrono,</strong></span> <span class='ocrx_word' id='word_1_241' title='bbox 1000 3783 1123 3856; x_wconf 78' lang='lat' dir='ltr'><strong>quneo</strong></span> 
     </span>
     <span class='ocr_line' id='line_1_33' title="bbox 282 3879 924 3951; baseline -0.005 -14"><span class='ocrx_word' id='word_1_242' title='bbox 282 3881 496 3951; x_wconf 70' lang='lat' dir='ltr'><strong>Ecclesiaste,</strong></span> <span class='ocrx_word' id='word_1_243' title='bbox 512 3899 568 3939; x_wconf 83' lang='lat' dir='ltr'><strong>auo</strong></span> <span class='ocrx_word' id='word_1_244' title='bbox 585 3884 619 3940; x_wconf 86' lang='lat' dir='ltr'><strong>ira</strong></span> <span class='ocrx_word' id='word_1_245' title='bbox 636 3883 770 3942; x_wconf 84' lang='lat' dir='ltr'><strong>Domino</strong></span> <span class='ocrx_word' id='word_1_246' title='bbox 787 3879 924 3950; x_wconf 75' lang='lat' dir='ltr'><strong>MnJ&#39;ori.</strong></span> 
     </span>
    </p>
   </div>
   <div class='ocr_carea' id='block_1_10' title="bbox 136 4054 444 4105">
    <p class='ocr_par' dir='ltr' id='par_1_11' title="bbox 136 4054 444 4105">
     <span class='ocr_line' id='line_1_34' title="bbox 136 4054 444 4105; baseline 0.016 -6"><span class='ocrx_word' id='word_1_247' title='bbox 136 4058 167 4105; x_wconf 87' lang='lat' dir='ltr'><strong>a)</strong></span> <span class='ocrx_word' id='word_1_248' title='bbox 196 4054 301 4104; x_wconf 80' lang='lat' dir='ltr'><strong>norit.</strong></span> <span class='ocrx_word' id='word_1_249' title='bbox 317 4056 444 4104; x_wconf 83' lang='lat' dir='ltr'><strong>Lurhtrua.</strong></span> 
     </span>
    </p>
   </div>
   <div class='ocr_carea' id='block_1_11' title="bbox 0 0 1292 4732">
    <p class='ocr_par' dir='ltr' id='par_1_12' title="bbox 0 0 1292 4732">
     <span class='ocr_line' id='line_1_35' title="bbox 0 0 1292 4732; baseline 0 0"><span class='ocrx_word' id='word_1_250' title='bbox 0 0 1292 4732; x_wconf 95' lang='lat' dir='ltr'><strong> </strong></span> 
     </span>
    </p>
   </div>
  </div>
 </body>
</html>
