2574 4732
188 327 246 387 tao
666 320 755 397 tata.

186 495 292 535 verum
316 493 382 534 esse
408 477 568 532 confitear:
594 477 666 534 nolo
692 477 833 533 verbnm·
848 474 930 545 Dei,
957 479 1007 548 qui
1029 478 1148 535 mentiri
1173 475 1230 548 (ut

185 573 256 638 ille)
280 589 342 627 non
360 581 477 643 potest,
499 580 623 643 propter
644 572 721 626 illius
742 571 870 627 verbum
892 588 1009 641 negare.
1045 571 1115 627 Non
1135 573 1227 642 igitur

184 666 329 721 relatione
352 666 504 735 indignam
524 674 592 733 est,
625 662 702 734 (nisi
727 667 798 719 dum
825 665 910 720 alteri
935 666 1009 722 velis
1038 675 1169 721 mortem
1197 676 1229 721 et

184 758 383 830 perditionem
401 759 500 814 moliri
517 758 580 812 sine
600 755 712 824 causa)
736 759 850 826 dicere,
871 760 952 831 quod
969 758 1051 830 Papa
1067 769 1116 814 aut
1131 761 1227 814 sancti

183 852 292 909 Patres
309 852 467 923 aliquoties
486 851 631 906 torserint
649 852 833 922 Scripturas,
854 863 885 907 et
908 853 937 907 iu
957 853 1084 907 alienum
1105 869 1227 908 sensum

184 946 268 1002 abusi
284 947 353 1001 sint.
390 947 451 999 Aut
470 944 495 999 si
513 945 542 999 id
558 945 750 1015 pertinaciter
772 958 913 1016 negatur,
935 947 1000 1016 jam
1022 956 1052 1001 et
1068 945 1178 1017 Papam
1195 956 1226 999 et

183 1041 309 1095 Sanctus
328 1039 486 1093 haereticos
505 1047 536 1092 et
556 1038 664 1108 impios
688 1038 852 1107 faciemus,
878 1049 913 1093 ut
934 1055 1011 1110 quos
1034 1040 1225 1094 manifestum

184 1144 231 1188 est
252 1134 340 1187 alium
360 1131 443 1202 sequi
464 1145 597 1195 sensum.
625 1132 775 1201 quamsit
801 1132 832 1185 in
851 1132 1024 1203 Scriptura,
1057 1143 1087 1188 et
1110 1133 1139 1187 id
1166 1148 1227 1186 non

184 1227 287 1297 paneis
304 1224 379 1279 iocis
388 1262 399 1291 ,
418 1239 515 1293 neque
533 1239 614 1279 raro.

251 1319 413 1389 Hucusque
432 1317 525 1387 prima
548 1317 595 1371 die
617 1324 717 1371 actum
736 1327 798 1380 est,
819 1317 932 1386 idest,
952 1319 1013 1374 duo
1035 1321 1092 1374 ista
1107 1319 1227 1390 objecta

184 1420 262 1469 sunt.
296 1411 374 1467 Petii
395 1411 473 1465 enim
493 1410 572 1465 diem
591 1411 627 1464 ad
645 1408 884 1478 deliberandum,
905 1421 934 1466 et
957 1412 1025 1467 abii.
1060 1411 1132 1467 Non
1147 1413 1226 1467 enim

185 1524 203 1562 e
221 1523 254 1562 re
272 1521 338 1560 mea
355 1505 423 1561 fore
441 1505 519 1573 vidi,
537 1503 638 1560 verbis
659 1520 846 1573 semegem,
867 1506 1013 1577 quodille
1031 1506 1102 1559 loco
1120 1505 1227 1560 Ponti.

184 1602 250 1657 sicis
269 1601 396 1669 sedenS,
422 1598 563 1672 quicquid
582 1599 711 1667 diceret,
742 1609 840 1653 ratum
866 1600 942 1670 apud
960 1615 1008 1652 me
1028 1615 1093 1653 esse
1111 1599 1227 1666 voluit,

185 1711 324 1760 rursum,
351 1695 493 1766 quicquid
512 1708 569 1761 ego
588 1708 790 1762 opponerem,
817 1692 1006 1748 exsibilatum
1024 1693 1096 1759 luit,
1121 1692 1228 1760 explo.

121 1848 130 1863 ,
186 1805 268 1858 sum,
287 1790 347 1844 imo
366 1790 496 1845 derisum
514 1792 620 1853 etiam,
640 1789 665 1844 si
686 1801 786 1844 sacras
804 1786 985 1842 adveherem
1002 1787 1111 1840 literas.
1147 1784 1228 1839 Nam

176 1884 295 1939 omitto
312 1884 431 1951 dicere,
449 1883 529 1955 quod
552 1893 732 1954 potestatem
750 1879 836 1951 Papae
856 1888 886 1935 et
902 1864 990 1953 supra
1008 1880 1176 1949 Scripturas
1197 1888 1229 1932 ct

187 1993 275 2048 snpra
301 1976 435 2031 Consilia
463 1977 569 2031 tollere
596 1976 780 2042 conabatur,
810 1975 960 2044 allegans,
989 1975 1142 2045 quomodo
1165 1973 1227 2041 jam

185 2068 267 2140 Papa
283 2068 441 2123 concilium
461 2068 622 2122 Basiliense
639 2069 822 2136 abrogasset.
858 2067 935 2123 Cum
956 2084 1060 2123 rursus
1079 2067 1228 2122 Parisien.

186 2161 227 2215 sia
246 2160 455 2215 Universitatis
473 2160 698 2230 appellationem
718 2160 909 2228 allegassem‚
929 2159 1091 2225 videbunt,
1110 2160 1226 2227 inquit,

188 2266 289 2322 poenas
323 2265 400 2305 suas.
447 2250 583 2305 Tandem
609 2253 713 2306 nescio
741 2268 818 2324 quos
847 2251 1041 2307 Gereonistas
1065 2250 1225 2304 damnavit.

185 2343 265 2398 Nam
277 2341 448 2397 'Basiliense
466 2343 646 2410 concilium,
673 2353 723 2399 aut
739 2352 823 2399 certe
842 2340 1012 2400 Gersonem
1029 2344 1225 2411 allegaveram

186 2438 216 2492 in
235 2435 501 2503 Resolutionibus,
520 2437 600 2506 quod
615 2436 769 2492 hominem
787 2436 937 2493 movebat.

255 2529 411 2596 Breviter,
431 2530 591 2600 paternitas
611 2531 660 2585 illa
679 2532 769 2587 toties
786 2531 990 2588 illustrissimae
1006 2539 1063 2584 tuae
1080 2529 1228 2584 Domina.

188 2625 261 2682 tioni
279 2625 425 2697 promissa
444 2641 513 2692 erga
531 2640 578 2678 me
598 2625 627 2679 in
643 2625 704 2680 hoc
725 2626 874 2681 constitit:
901 2616 952 2679 aut
971 2625 1032 2679 vim
1053 2641 1101 2678 me
1123 2640 1228 2694 passu.

187 2737 274 2788 rum,
303 2727 354 2774 aut
381 2729 609 2774 revocaturum:
643 2736 704 2773 aton
730 2716 808 2774 'enim
836 2721 987 2791 disputare
1014 2736 1079 2774 sese
1106 2734 1227 2772 mecum

187 2815 263 2870 velle
291 2814 398 2883 ajebat.
445 2813 577 2885 Ideoque
600 2813 758 2869 eonsilium
788 2815 861 2881 fuit,
889 2814 1008 2885 scriptis
1028 2814 1225 2883 respondere,

188 2925 253 2980 quae
272 2910 299 2963 id
317 2917 400 2962 certe
417 2909 568 2979 oppressis
584 2907 717 2979 praelrent
732 2909 889 2975 solatium,
908 2908 989 2978 qnod
1009 2907 1134 2961 aliorum
1151 2924 1226 2976 quo.

187 3018 245 3073 que
256 3003 372 3071 judicio
390 3003 552 3056 examinari
574 3011 718 3073 possunt,
737 3012 767 3056 et
781 3001 916 3057 nonnihil
935 3000 1124 3056 conscientiae
1138 3010 1225 3070 atque

186 3094 470 3149 timorisincutiunt
487 3096 596 3167 alioqui
615 3095 716 3149 verbis
734 3095 915 3166 proevalenti.

257 3188 361 3241 Altera
386 3191 485 3257 itaque
511 3189 558 3242 die
582 3191 680 3258 redii,
707 3196 741 3243 et
768 3203 889 3243 mecum
919 3187 1100 3241 reverendus
1135 3185 1227 3240 Pater

183 3277 320 3348 Vicarius
334 3279 489 3334 dohannes
508 3281 683 3351 Staupitiue‚
703 3281 752 3352 qui
769 3281 889 3334 interim
906 3281 1082 3347 advenerat,
1100 3295 1229 3350 praesen.

182 3371 324 3440 tibusqne
357 3383 484 3442 quatuor
519 3374 682 3441 insignibus
707 3373 779 3427 viris
810 3374 949 3426 Caesareae
978 3372 1147 3441 Majestatis
1180 3389 1228 3426 se.

182 3465 355 3520 autoribus:
375 3468 451 3535 coepi
466 3482 568 3521 coram
584 3467 719 3533 notario,
736 3482 826 3537 quem
841 3466 1035 3522 adduxeram,
1054 3465 1229 3534 protestari,

181 3573 231 3611 me
247 3557 319 3610 nihil
338 3559 413 3611 velle
429 3559 529 3613 dicere
541 3570 591 3613 aut
608 3561 757 3615 dicturum
773 3573 838 3611 esse
855 3571 1000 3627 unquam,
1022 3557 1101 3624 quod
1120 3564 1227 3608 contra

182 3662 291 3705 sanctas
308 3649 452 3706 Ecclesiae
475 3652 618 3706 Romame
637 3651 806 3706 doctrinam
827 3661 924 3718 esset,
943 3659 1138 3720 paratumque
1159 3663 1227 3703 esse

181 3744 284 3797 doceri
302 3760 336 3796 ac
354 3745 438 3807 duci,
457 3744 553 3798 sicubi
569 3760 733 3812 errassem,
751 3743 995 3813 subjicienemea
1011 3742 1090 3796 dicta
1107 3759 1225 3798 summo

106 3883 112 3893 Ι
181 3835 338 3905 Pontifici,
357 3838 463 3893 deinde
479 3847 608 3908 quatuor
627 3836 895 3900 Universitatibus‚
915 3836 1085 3902 basiliensi,
1104 3836 1227 3891 Fribnr.

182 3933 286 4001 pensi,
311 3928 510 3988 Lovaniensi:
537 3933 671 4000 tetidem,
697 3933 721 3999 si
745 3932 807 3988 hoc
829 3947 891 3988 non
913 3940 993 3986 esset
1020 3933 1106 3997 satis,
1137 3931 1245 3984 etiam.
