2574 4732
164 313 225 376 380
545 310 548 316 ’
651 305 742 373 1519.

165 464 263 541 {lubet
281 464 428 519 lectiones
446 443 503 534 pro
521 461 696 532 theologia,
723 470 786 516 tum
804 453 901 516 libros
918 475 980 515 non
996 460 1134 532 ineptoer
1161 460 1223 516 nisi

165 561 247 633 quod
272 560 361 612 doleo
389 573 438 611 me
465 573 526 612 non
554 572 644 628 posse
671 558 719 612 vel
738 570 844 610 omnes
867 554 976 609 iratres
995 554 1222 612 adlectionem

164 653 368 721 theologicam
387 651 517 723 Philippi
538 652 568 705 in
588 650 768 706 Matthaeurn
787 647 864 703 hora
881 650 968 703 sexta
985 650 1130 708 matutina
1148 649 1223 704 mit.

164 731 242 803 tere'.
275 748 401 816 Superat
418 747 474 802 iste
493 744 650 802 Graeculus
669 760 717 798 me
736 758 858 815 quoque
876 743 905 797 in
924 743 986 814 ipsa
1004 741 1169 810 theologia.

233 840 412 896 Psalterium
434 839 606 895 nesciebam
622 850 651 894 te
668 837 830 908 gemellum
850 832 1007 907 accipere,
1026 837 1158 891 alterum
1175 850 1220 892 ex

163 950 234 1000 me,
254 935 380 988 alterum
397 949 436 988 ex
451 932 601 1005 Philippo.
623 933 754 987 Caeteras
768 946 863 999 nugas
878 930 1045 984 arbitrabar
1061 930 1127 984 sine
1144 945 1218 986 meo

164 1029 265 1084 nodio
285 1029 320 1082 ad
338 1038 367 1081 te
384 1028 552 1099 pervenire.
580 1027 756 1082 Sermonem
776 1026 814 1079 de
833 1040 924 1080 usura
939 1023 996 1079 sub
1007 1023 1149 1078 incudem
1167 1039 1220 1078 re.

164 1121 290 1188 vocavi,
309 1121 460 1188 facturus,
488 1129 519 1175 ut
536 1119 632 1175 multo
654 1120 755 1191 plnres
775 1117 907 1173 offendat
929 1116 1041 1172 Christi
1062 1133 1140 1188 pura
1160 1118 1220 1174 do.

163 1215 278 1278 ctrina:
305 1214 359 1267 alia
378 1213 476 1267 omnia
496 1215 597 1269 mitto.
634 1211 863 1284 Disputationes
881 1212 1043 1283 impressas
1062 1226 1153 1280 cura,
1180 1222 1219 1269 ut

163 1307 344 1380 quantocius
362 1306 534 1362 habeamus.

231 1400 342 1456 Ecciua
372 1402 503 1456 minatur
530 1410 562 1456 et
592 1400 666 1456 mihi
699 1404 730 1457 et
754 1398 897 1473 Philippo
918 1406 949 1455 et
969 1396 1160 1470 Caristadic,
1184 1407 1219 1456 et

163 1495 220 1552 toti
243 1494 434 1550 Universitati
456 1506 582 1564 nostrae,
608 1496 736 1567 deniqne
758 1496 813 1568 ipsi
831 1493 992 1565 Principi,
1013 1492 1117 1551 nescio
1138 1509 1217 1563 quas

163 1590 252 1645 dirae.
301 1588 430 1661 Exspuit
454 1590 534 1644 eninr
563 1589 661 1646 salivae
687 1590 839 1662 quoddam
863 1589 958 1645 chaos
983 1586 1145 1642 vernacule
1177 1589 1217 1644 ad

162 1681 334 1753 Principem
348 1684 400 1764 f),
414 1684 516 1738 Deum
529 1685 673 1741 'crederes
689 1676 928 1757 omnipotentem
944 1682 1042 1754 loqui:
1060 1683 1114 1738 sed
1128 1691 1216 1738 recte

83 1813 91 1831 .
164 1777 195 1833 in
213 1780 301 1833 talem
320 1778 493 1850 Principem
511 1779 578 1834 talis
596 1779 722 1835 incurrit
740 1778 888 1851 sophista.

232 1871 339 1927 Placet
355 1872 650 1929 tuosErsurdienses
660 1873 808 1945 judicium
821 1874 1015 1929 detrectasse.
1049 1869 1120 1924 Jern
1134 1869 1218 1926 enim

63 2009 68 2043 ξ
164 1975 196 2021 et
217 1965 332 2020 frustra
345 1967 526 2037 disputatum
546 1975 607 2022 eat:
627 1975 657 2021 et
669 1967 823 2037 judicatur
841 1982 916 2037 nane
937 1984 953 2021 a
971 1963 1217 2032 Parieiensihus‚

162 2059 226 2119 hoe
245 2067 307 2125 est,
326 2075 449 2129 campus
465 2059 597 2130 aperitur
615 2059 643 2114 in
661 2060 833 2118 Romanurn
849 2059 1069 2116 Antichristum
1085 2057 1220 2126 loquen-

163 2153 212 2219 di,
230 2152 300 2206 Deo
319 2155 462 2222 propitio.
483 2152 706 2207 circumfertur
725 2156 801 2227 apud
817 2167 874 2209 nos
890 2161 1036 2207 tractatus
1055 2151 1217 2218 cujusdam

56 2285 57 2289 ,
117 2263 119 2266 ’
162 2244 216 2308 (ut
233 2244 356 2314 putant)
383 2244 507 2309 Boemi,
530 2246 641 2314 oppido
659 2261 747 2315 quern
767 2245 901 2301 eruditus
918 2256 949 2298 et
967 2242 1159 2308 theologicus
1182 2246 1217 2300 in

161 2346 287 2403 utraque
306 2335 403 2403 lingna
421 2337 564 2390 adversus
582 2338 767 2405 tyrannidem
785 2337 929 2392 Romanae
947 2337 1047 2390 curiae.

229 2427 300 2483 Non
311 2433 381 2482 setis
391 2429 521 2483 intellexi
537 2430 606 2501 quid
624 2431 736 2499 velles,
757 2448 827 2485 cum
839 2430 989 2485 scriberes
1005 2429 1126 2488 Graece,
1146 2446 1213 2484 non

163 2524 227 2581 sine
241 2534 293 2578 tuo
309 2540 416 2591 magno
432 2524 532 2579 studio
547 2525 686 2579 remissas
703 2525 919 2596 disputationes
932 2523 1011 2578 Duci
1023 2524 1170 2591 Georgio.
1182 2535 1214 2579 et

163 2636 221 2692 qua
235 2634 322 2675 causa
342 2619 383 2672 tui
407 2617 541 2687 theologi
560 2630 590 2671 et
602 2619 803 2688 jureconsulti
817 2629 918 2673 essent
935 2619 1009 2672 adeo
1025 2610 1208 2676 οἱπᾶπληκτοι.

230 2712 358 2768 Emsero
383 2729 443 2766 non
459 2712 649 2784 respondebo
669 2713 809 2784 peculiari
831 2713 927 2781 libro,
955 2714 1035 2783 quod
1055 2713 1149 2768 homo
1167 2715 1213 2768 in.

163 2807 345 2864 salsissimus
368 2824 428 2862 non
445 2809 537 2862 modo
558 2806 680 2861 affirmat
701 2817 730 2861 et
750 2809 905 2874 concedit,
930 2800 1061 2877 quorum
1079 2822 1146 2860 eum
1167 2808 1212 2862 in.

63 2950 66 2959 .
163 2904 353 2958 simularem:
382 2902 432 2956 sed
456 2903 545 2956 etiam
566 2911 623 2956 nec
643 2912 754 2957 statum
778 2916 873 2956 cause
891 2901 949 2955 ulla
969 2912 1053 2972 parte
1078 2901 1210 2969 attingit,

164 3006 279 3050 tantum
298 2996 444 3052 conviciis
462 2996 580 3051 furens:
600 2996 737 3051 veniente
750 2993 834 3051 Eccii
852 2995 900 3070 (ut
911 2994 1066 3067 promisit)
1085 2995 1209 3065 impetn,

163 3090 275 3159 pariter
294 3098 323 3142 et
343 3090 424 3144 illum
445 3089 606 3144 involvam.

233 3182 359 3236 Carolus
384 3179 526 3237 Milririus
551 3200 629 3236 nunc
649 3181 777 3251 Tor-gae,
803 3197 883 3236 nunc
901 3181 1014 3238 Lochae
1034 3183 1063 3237 id
1085 3184 1210 3252 satagit,

165 3285 199 3331 ut
214 3292 263 3330 me
283 3292 384 3331 secum
406 3277 440 3329 ad
458 3276 619 3334 Treverim
637 3277 739 3332 ducat:
759 3285 787 3330 et
805 3277 881 3330 mire
902 3273 1024 3345 timent,
1043 3277 1129 3332 valde
1146 3294 1211 3333 ma.

162 3369 338 3436 chinantur‚
362 3369 538 3440 penitusque
564 3370 711 3431 insaniunt
725 3369 903 3440 ⁴adversarii·
929 3370 1043 3426 differri
1065 3371 1210 3442 perditio.

161 3479 231 3519 nem
253 3463 332 3516 mei:
361 3462 498 3517 scribunt
523 3462 665 3537 Episcopi
688 3465 723 3520 ad
743 3463 872 3518 Romam
896 3473 1001 3519 contra
1023 3481 1082 3519 me.
1125 3463 1208 3535 Quid

162 3558 296 3612 futurum
317 3557 370 3624 sit,
390 3555 517 3609 necdum
536 3558 600 3628 ipse
619 3560 701 3613 scio:
721 3558 800 3612 forte
820 3557 980 3613 Treverim
996 3558 1064 3624 ibo,
1084 3567 1208 3628 accepta

159 3650 219 3711 'fide
238 3649 370 3722 publica,
389 3657 419 3701 et
441 3651 600 3705 vocatione
620 3651 761 3722 Episcopi
779 3650 982 3708 Trevirensis.

231 3743 424 3800 Reverendus
441 3743 532 3798 Pater
548 3744 683 3800 Vicariue
700 3744 865 3815 Salzburgae
883 3747 943 3816 agit
958 3762 1047 3804 unus
1062 3757 1093 3803 et
1108 3748 1209 3802 hono.

161 3850 261 3909 ratus,
279 3838 415 3895 scribens
431 3837 560 3903 Eccium
578 3837 691 3894 ambire
709 3839 858 3912 primores
875 3840 1004 3914 passima
1031 3842 1085 3903 sed
1104 3835 1216 3900 Caudi.

212 4045 245 4097 ‘l
272 4037 327 4098 erit
343 4041 388 4093 tir.
403 4046 426 4089 t.
440 4042 462 4091 s.
479 4040 540 4095 tter.
