<?xml version="1.0" encoding="UTF-8"?>
<!DOCTYPE html PUBLIC "-//W3C//DTD XHTML 1.0 Transitional//EN"
    "http://www.w3.org/TR/xhtml1/DTD/xhtml1-transitional.dtd">
<html xmlns="http://www.w3.org/1999/xhtml" xml:lang="en" lang="en">
 <head>
  <title>
</title>
<meta http-equiv="Content-Type" content="text/html;charset=utf-8" />
  <meta name='ocr-system' content='tesseract 3.04.00' />
  <meta name='ocr-capabilities' content='ocr_page ocr_carea ocr_par ocr_line ocrx_word'/>
</head>
<body>
  <div class='ocr_page' id='page_1' title='image "./briefesendschre04luthgoog/briefesendschre04luthgoog_0082.png"; bbox 0 0 2574 4732; ppageno 0'>
   <div class='ocr_carea' id='block_1_1' title="bbox 553 330 1124 405">
    <p class='ocr_par' dir='ltr' id='par_1_1' title="bbox 553 330 1124 405">
     <span class='ocr_line' id='line_1_1' title="bbox 553 330 1124 405; baseline 0.005 -5"><span class='ocrx_word' id='word_1_1' title='bbox 553 333 643 405; x_wconf 71' lang='lat'>1⁵16:</span> <span class='ocrx_word' id='word_1_2' title='bbox 1081 330 1124 403; x_wconf 63' lang='grc'><strong>46</strong></span> 
     </span>
    </p>
   </div>
   <div class='ocr_carea' id='block_1_2' title="bbox 68 492 1242 1040">
    <p class='ocr_par' dir='ltr' id='par_1_2' title="bbox 70 492 1201 853">
     <span class='ocr_line' id='line_1_2' title="bbox 70 492 1201 567; baseline -0.001 -13"><span class='ocrx_word' id='word_1_3' title='bbox 70 495 199 555; x_wconf 70' lang='lat' dir='ltr'><strong>Rheni:</strong></span> <span class='ocrx_word' id='word_1_4' title='bbox 233 495 285 552; x_wconf 83' lang='lat' dir='ltr'><strong>aed</strong></span> <span class='ocrx_word' id='word_1_5' title='bbox 310 494 431 564; x_wconf 74' lang='lat' dir='ltr'><strong>nemin,</strong></span> <span class='ocrx_word' id='word_1_6' title='bbox 452 509 490 549; x_wconf 88' lang='lat' dir='ltr'><strong>an</strong></span> <span class='ocrx_word' id='word_1_7' title='bbox 512 492 724 567; x_wconf 56' lang='lat' dir='ltr'><strong>pervener-inu</strong></span> <span class='ocrx_word' id='word_1_8' title='bbox 750 507 787 547; x_wconf 89' lang='lat' dir='ltr'><strong>nn</strong></span> <span class='ocrx_word' id='word_1_9' title='bbox 813 492 912 549; x_wconf 79' lang='lat' dir='ltr'><strong>adhue</strong></span> <span class='ocrx_word' id='word_1_10' title='bbox 930 504 1121 565; x_wconf 70' lang='lat' dir='ltr'><strong>perventura</strong></span> <span class='ocrx_word' id='word_1_11' title='bbox 1198 528 1201 532; x_wconf 93' lang='lat'><em>-</em></span> 
     </span>
     <span class='ocr_line' id='line_1_3' title="bbox 71 572 1118 665; baseline -0.002 -17"><span class='ocrx_word' id='word_1_12' title='bbox 71 572 144 648; x_wconf 73' lang='lat' dir='ltr'><strong>aint-</strong></span> <span class='ocrx_word' id='word_1_13' title='bbox 189 588 344 665; x_wconf 76' lang='lat' dir='ltr'><strong>Quocirca</strong></span> <span class='ocrx_word' id='word_1_14' title='bbox 372 600 403 645; x_wconf 87' lang='lat' dir='ltr'><strong>te</strong></span> <span class='ocrx_word' id='word_1_15' title='bbox 432 604 553 661; x_wconf 79' lang='lat' dir='ltr'><strong>quoque</strong></span> <span class='ocrx_word' id='word_1_16' title='bbox 584 587 717 658; x_wconf 74' lang='lat' dir='ltr'><strong>ejusdem</strong></span> <span class='ocrx_word' id='word_1_17' title='bbox 746 603 841 643; x_wconf 76' lang='lat' dir='ltr'><strong>uauan</strong></span> <span class='ocrx_word' id='word_1_18' title='bbox 869 589 1017 645; x_wconf 83' lang='lat' dir='ltr'><strong>rationem</strong></span> <span class='ocrx_word' id='word_1_19' title='bbox 1044 591 1118 646; x_wconf 80' lang='lat' dir='ltr'><strong>uuio</strong></span> 
     </span>
     <span class='ocr_line' id='line_1_4' title="bbox 71 663 1119 756; baseline -0.001 -14"><span class='ocrx_word' id='word_1_20' title='bbox 71 686 163 742; x_wconf 79' lang='lat' dir='ltr'><strong>noire.</strong></span> <span class='ocrx_word' id='word_1_21' title='bbox 199 664 375 755; x_wconf 74' lang='lat' dir='ltr'><strong>impetravit</strong></span> <span class='ocrx_word' id='word_1_22' title='bbox 392 663 576 737; x_wconf 78' lang='lat' dir='ltr'><strong>reverendua</strong></span> <span class='ocrx_word' id='word_1_23' title='bbox 596 680 687 737; x_wconf 85' lang='lat' dir='ltr'><strong>Pater</strong></span> <span class='ocrx_word' id='word_1_24' title='bbox 706 679 843 738; x_wconf 84' lang='lat' dir='ltr'><strong>Viuariua</strong></span> <span class='ocrx_word' id='word_1_25' title='bbox 865 683 941 754; x_wconf 79' lang='lat' dir='ltr'><strong>apud</strong></span> <span class='ocrx_word' id='word_1_26' title='bbox 958 682 1119 756; x_wconf 62' lang='lat' dir='ltr'><strong>Arehiepi</strong></span> 
     </span>
     <span class='ocr_line' id='line_1_5' title="bbox 70 775 1164 853; baseline -0.005 -17"><span class='ocrx_word' id='word_1_27' title='bbox 70 794 201 853; x_wconf 77' lang='lat' dir='ltr'><strong>neopum</strong></span> <span class='ocrx_word' id='word_1_28' title='bbox 218 777 430 833; x_wconf 83' lang='lat' dir='ltr'><strong>Colonienaem</strong></span> <span class='ocrx_word' id='word_1_29' title='bbox 449 792 507 849; x_wconf 83' lang='lat' dir='ltr'><strong>pro</strong></span> <span class='ocrx_word' id='word_1_30' title='bbox 519 775 660 847; x_wconf 77' lang='lat' dir='ltr'>Principe</span> <span class='ocrx_word' id='word_1_31' title='bbox 675 775 827 848; x_wconf 79' lang='lat' dir='ltr'><strong>reliquiae,</strong></span> <span class='ocrx_word' id='word_1_32' title='bbox 845 793 880 832; x_wconf 87' lang='lat' dir='ltr'><strong>ao</strong></span> <span class='ocrx_word' id='word_1_33' title='bbox 901 778 1115 838; x_wconf 65' lang='lat' dir='ltr'><strong>mandatarium</strong></span> <span class='ocrx_word' id='word_1_34' title='bbox 1161 827 1164 831; x_wconf 84' lang='lat'>.</span> 
     </span>
    </p>

    <p class='ocr_par' dir='ltr' id='par_1_3' title="bbox 68 868 1242 1040">
     <span class='ocr_line' id='line_1_6' title="bbox 70 868 1242 944; baseline 0.001 -15"><span class='ocrx_word' id='word_1_35' title='bbox 70 889 125 930; x_wconf 91' lang='lat' dir='ltr'><strong>aeu</strong></span> <span class='ocrx_word' id='word_1_36' title='bbox 139 872 231 944; x_wconf 78' lang='lat' dir='ltr'><strong>hujua</strong></span> <span class='ocrx_word' id='word_1_37' title='bbox 243 872 287 928; x_wconf 87' lang='lat' dir='ltr'><strong>rei</strong></span> <span class='ocrx_word' id='word_1_38' title='bbox 303 871 318 937; x_wconf 91' lang='lat'>(</span> <span class='ocrx_word' id='word_1_39' title='bbox 327 880 360 928; x_wconf 87' lang='lat' dir='ltr'><strong>ut</strong></span> <span class='ocrx_word' id='word_1_40' title='bbox 378 870 509 936; x_wconf 81' lang='lat' dir='ltr'><strong>vouaut)</strong></span> <span class='ocrx_word' id='word_1_41' title='bbox 527 870 791 938; x_wconf 67' lang='lat' dir='ltr'><strong>commissarium,</strong></span> <span class='ocrx_word' id='word_1_42' title='bbox 810 869 965 927; x_wconf 84' lang='lat' dir='ltr'><strong>uffioialem</strong></span> <span class='ocrx_word' id='word_1_43' title='bbox 981 871 1115 943; x_wconf 53' lang='lat' dir='ltr'><strong>quadem</strong></span> <span class='ocrx_word' id='word_1_44' title='bbox 1238 868 1242 876; x_wconf 85' lang='lat'>&#39;</span> 
     </span>
     <span class='ocr_line' id='line_1_7' title="bbox 68 964 1114 1040; baseline 0.001 -17"><span class='ocrx_word' id='word_1_45' title='bbox 68 966 319 1040; x_wconf 81' lang='lat' dir='ltr'><strong>Arohiepiaeupi:</strong></span> <span class='ocrx_word' id='word_1_46' title='bbox 348 982 384 1020; x_wconf 85' lang='lat' dir='ltr'><strong>aa</strong></span> <span class='ocrx_word' id='word_1_47' title='bbox 413 979 452 1022; x_wconf 85' lang='lat' dir='ltr'><strong>ex</strong></span> <span class='ocrx_word' id='word_1_48' title='bbox 478 964 626 1037; x_wconf 82' lang='lat' dir='ltr'><strong>Principia</strong></span> <span class='ocrx_word' id='word_1_49' title='bbox 650 982 686 1020; x_wconf 86' lang='lat' dir='ltr'><strong>ao</strong></span> <span class='ocrx_word' id='word_1_50' title='bbox 710 964 820 1020; x_wconf 86' lang='lat' dir='ltr'><strong>Vinarii</strong></span> <span class='ocrx_word' id='word_1_51' title='bbox 844 974 929 1036; x_wconf 83' lang='lat' dir='ltr'><strong>parte</strong></span> <span class='ocrx_word' id='word_1_52' title='bbox 956 964 1114 1037; x_wconf 72' lang='lat' dir='ltr'><strong>sobpnort</strong></span> 
     </span>
    </p>
   </div>
   <div class='ocr_carea' id='block_1_3' title="bbox 65 1058 1116 1790">
    <p class='ocr_par' dir='ltr' id='par_1_4' title="bbox 65 1058 1116 1790">
     <span class='ocr_line' id='line_1_8' title="bbox 71 1058 1116 1131; baseline -0.001 -13"><span class='ocrx_word' id='word_1_53' title='bbox 71 1062 168 1119; x_wconf 87' lang='lat' dir='ltr'><strong>aoatri</strong></span> <span class='ocrx_word' id='word_1_54' title='bbox 180 1061 354 1117; x_wconf 87' lang='lat' dir='ltr'><strong>munaaterii</strong></span> <span class='ocrx_word' id='word_1_55' title='bbox 373 1059 651 1125; x_wconf 72' lang='lat' dir='ltr'><strong>Colonienair„cura</strong></span> <span class='ocrx_word' id='word_1_56' title='bbox 670 1058 879 1131; x_wconf 81' lang='lat' dir='ltr'><strong>expuatulaudi</strong></span> <span class='ocrx_word' id='word_1_57' title='bbox 896 1067 928 1115; x_wconf 87' lang='lat' dir='ltr'><strong>et</strong></span> <span class='ocrx_word' id='word_1_58' title='bbox 946 1058 1116 1117; x_wconf 85' lang='lat' dir='ltr'><strong>aolinitaudi</strong></span> 
     </span>
     <span class='ocr_line' id='line_1_9' title="bbox 70 1152 1115 1226; baseline -0.001 -14"><span class='ocrx_word' id='word_1_59' title='bbox 70 1155 230 1212; x_wconf 85' lang='lat' dir='ltr'><strong>eommiaaa</strong></span> <span class='ocrx_word' id='word_1_60' title='bbox 249 1163 305 1210; x_wconf 85' lang='lat' dir='ltr'><strong>eat.</strong></span> <span class='ocrx_word' id='word_1_61' title='bbox 339 1153 417 1211; x_wconf 84' lang='lat' dir='ltr'><strong>Poat</strong></span> <span class='ocrx_word' id='word_1_62' title='bbox 434 1168 587 1210; x_wconf 81' lang='lat' dir='ltr'><strong>reeeaaurn</strong></span> <span class='ocrx_word' id='word_1_63' title='bbox 608 1159 709 1208; x_wconf 89' lang='lat' dir='ltr'><strong>autem</strong></span> <span class='ocrx_word' id='word_1_64' title='bbox 725 1152 764 1208; x_wconf 81' lang='lat' dir='ltr'><strong>R.</strong></span> <span class='ocrx_word' id='word_1_65' title='bbox 782 1152 882 1210; x_wconf 88' lang='lat' dir='ltr'><strong>Patria</strong></span> <span class='ocrx_word' id='word_1_66' title='bbox 900 1154 1044 1225; x_wconf 81' lang='lat' dir='ltr'><strong>requirita</strong></span> <span class='ocrx_word' id='word_1_67' title='bbox 1060 1171 1115 1226; x_wconf 77' lang='lat' dir='ltr'><strong>per</strong></span> 
     </span>
     <span class='ocr_line' id='line_1_10' title="bbox 65 1246 1113 1320; baseline 0.001 -16"><span class='ocrx_word' id='word_1_68' title='bbox 65 1248 127 1319; x_wconf 77' lang='lat' dir='ltr'><strong>jam</strong></span> <span class='ocrx_word' id='word_1_69' title='bbox 144 1250 244 1306; x_wconf 84' lang='lat' dir='ltr'><strong>diotua</strong></span> <span class='ocrx_word' id='word_1_70' title='bbox 258 1248 458 1305; x_wconf 74' lang='lat' dir='ltr'><strong>mandatarius</strong></span> <span class='ocrx_word' id='word_1_71' title='bbox 476 1247 562 1317; x_wconf 81' lang='lat' dir='ltr'><strong>virgo</strong></span> <span class='ocrx_word' id='word_1_72' title='bbox 580 1247 710 1302; x_wconf 75' lang='lat' dir='ltr'><strong>maxima</strong></span> <span class='ocrx_word' id='word_1_73' title='bbox 731 1247 766 1302; x_wconf 92' lang='lat' dir='ltr'><strong>ad</strong></span> <span class='ocrx_word' id='word_1_74' title='bbox 791 1247 821 1303; x_wconf 80' lang='lat' dir='ltr'><strong>S.</strong></span> <span class='ocrx_word' id='word_1_75' title='bbox 839 1246 978 1304; x_wconf 86' lang='lat' dir='ltr'><strong>Uraularn</strong></span> <span class='ocrx_word' id='word_1_76' title='bbox 1000 1248 1113 1320; x_wconf 73' lang='lat' dir='ltr'><strong>aliega-</strong></span> 
     </span>
     <span class='ocr_line' id='line_1_11' title="bbox 69 1340 1109 1416; baseline 0.002 -20"><span class='ocrx_word' id='word_1_77' title='bbox 69 1342 110 1397; x_wconf 83' lang='lat' dir='ltr'><strong>rit</strong></span> <span class='ocrx_word' id='word_1_78' title='bbox 123 1340 358 1416; x_wconf 76' lang='lat' dir='ltr'><strong>prohibitionem</strong></span> <span class='ocrx_word' id='word_1_79' title='bbox 372 1340 471 1413; x_wconf 82' lang='lat' dir='ltr'><strong>Papae,</strong></span> <span class='ocrx_word' id='word_1_80' title='bbox 487 1356 544 1396; x_wconf 84' lang='lat' dir='ltr'><strong>neu</strong></span> <span class='ocrx_word' id='word_1_81' title='bbox 560 1355 648 1412; x_wconf 77' lang='lat' dir='ltr'><strong>poure</strong></span> <span class='ocrx_word' id='word_1_82' title='bbox 666 1341 858 1412; x_wconf 81' lang='lat' dir='ltr'><strong>acquieaoere</strong></span> <span class='ocrx_word' id='word_1_83' title='bbox 879 1356 947 1398; x_wconf 85' lang='lat' dir='ltr'><strong>aeae</strong></span> <span class='ocrx_word' id='word_1_84' title='bbox 965 1357 1020 1414; x_wconf 85' lang='lat' dir='ltr'><strong>per</strong></span> <span class='ocrx_word' id='word_1_85' title='bbox 1033 1360 1109 1398; x_wconf 74' lang='lat' dir='ltr'><strong>eun.</strong></span> 
     </span>
     <span class='ocr_line' id='line_1_12' title="bbox 68 1433 1108 1508; baseline 0.001 -16"><span class='ocrx_word' id='word_1_86' title='bbox 68 1434 234 1504; x_wconf 80' lang='lat' dir='ltr'><strong>adientium,</strong></span> <span class='ocrx_word' id='word_1_87' title='bbox 250 1435 314 1492; x_wconf 88' lang='lat' dir='ltr'><strong>aine</strong></span> <span class='ocrx_word' id='word_1_88' title='bbox 324 1435 464 1491; x_wconf 85' lang='lat' dir='ltr'><strong>mandatu</strong></span> <span class='ocrx_word' id='word_1_89' title='bbox 477 1445 509 1490; x_wconf 92' lang='lat' dir='ltr'><strong>et</strong></span> <span class='ocrx_word' id='word_1_90' title='bbox 520 1435 638 1490; x_wconf 86' lang='lat' dir='ltr'><strong>liuentia</strong></span> <span class='ocrx_word' id='word_1_91' title='bbox 649 1434 750 1505; x_wconf 71' lang='lat' dir='ltr'><strong>Papa.</strong></span> <span class='ocrx_word' id='word_1_92' title='bbox 766 1433 859 1508; x_wconf 79' lang='lat' dir='ltr'><strong>Quod</strong></span> <span class='ocrx_word' id='word_1_93' title='bbox 867 1434 923 1490; x_wconf 91' lang='lat' dir='ltr'><strong>etai</strong></span> <span class='ocrx_word' id='word_1_94' title='bbox 937 1434 1108 1494; x_wconf 83' lang='lat' dir='ltr'><strong>exhibitum</strong></span> 
     </span>
     <span class='ocr_line' id='line_1_13' title="bbox 68 1527 1109 1602; baseline 0.004 -19"><span class='ocrx_word' id='word_1_95' title='bbox 68 1529 158 1584; x_wconf 79' lang='lat' dir='ltr'><strong>tuerit</strong></span> <span class='ocrx_word' id='word_1_96' title='bbox 165 1529 319 1602; x_wconf 83' lang='lat' dir='ltr'><strong>exemplar</strong></span> <span class='ocrx_word' id='word_1_97' title='bbox 332 1528 534 1594; x_wconf 80' lang='lat' dir='ltr'><strong>licentiaturii‚</strong></span> <span class='ocrx_word' id='word_1_98' title='bbox 552 1537 664 1597; x_wconf 84' lang='lat' dir='ltr'><strong>tamen,</strong></span> <span class='ocrx_word' id='word_1_99' title='bbox 681 1527 764 1599; x_wconf 89' lang='lat' dir='ltr'><strong>quod</strong></span> <span class='ocrx_word' id='word_1_100' title='bbox 776 1532 838 1591; x_wconf 78' lang='lat' dir='ltr'><strong>nott</strong></span> <span class='ocrx_word' id='word_1_101' title='bbox 849 1540 928 1586; x_wconf 84' lang='lat' dir='ltr'><strong>aaaet</strong></span> <span class='ocrx_word' id='word_1_102' title='bbox 938 1530 1109 1587; x_wconf 86' lang='lat' dir='ltr'><strong>anthentiua</strong></span> 
     </span>
     <span class='ocr_line' id='line_1_14' title="bbox 65 1620 1109 1695; baseline 0.002 -17"><span class='ocrx_word' id='word_1_103' title='bbox 65 1621 122 1678; x_wconf 82' lang='lat' dir='ltr'><strong>tta</strong></span> <span class='ocrx_word' id='word_1_104' title='bbox 148 1631 178 1679; x_wconf 86' lang='lat' dir='ltr'><strong>at</strong></span> <span class='ocrx_word' id='word_1_105' title='bbox 196 1623 346 1692; x_wconf 77' lang='lat' dir='ltr'><strong>aignatura</strong></span> <span class='ocrx_word' id='word_1_106' title='bbox 369 1621 548 1695; x_wconf 83' lang='lat' dir='ltr'><strong>probatum,</strong></span> <span class='ocrx_word' id='word_1_107' title='bbox 577 1620 639 1677; x_wconf 83' lang='lat' dir='ltr'><strong>huo</strong></span> <span class='ocrx_word' id='word_1_108' title='bbox 660 1636 757 1692; x_wconf 82' lang='lat' dir='ltr'><strong>unque</strong></span> <span class='ocrx_word' id='word_1_109' title='bbox 782 1622 951 1691; x_wconf 73' lang='lat' dir='ltr'><strong>denegavit.</strong></span> <span class='ocrx_word' id='word_1_110' title='bbox 986 1623 1109 1681; x_wconf 89' lang='lat' dir='ltr'><strong>Poteria</strong></span> 
     </span>
     <span class='ocr_line' id='line_1_15' title="bbox 66 1713 1114 1790; baseline 0.002 -18"><span class='ocrx_word' id='word_1_111' title='bbox 66 1717 166 1790; x_wconf 83' lang='lat' dir='ltr'><strong>itaqua</strong></span> <span class='ocrx_word' id='word_1_112' title='bbox 178 1715 312 1786; x_wconf 81' lang='lat' dir='ltr'><strong>Prinoipi</strong></span> <span class='ocrx_word' id='word_1_113' title='bbox 327 1724 448 1783; x_wconf 82' lang='lat' dir='ltr'><strong>nuatro,</strong></span> <span class='ocrx_word' id='word_1_114' title='bbox 465 1715 491 1770; x_wconf 91' lang='lat' dir='ltr'><strong>ai</strong></span> <span class='ocrx_word' id='word_1_115' title='bbox 504 1713 650 1782; x_wconf 79' lang='lat' dir='ltr'><strong>vulueria,</strong></span> <span class='ocrx_word' id='word_1_116' title='bbox 667 1713 810 1782; x_wconf 82' lang='lat' dir='ltr'><strong>indicare,</strong></span> <span class='ocrx_word' id='word_1_117' title='bbox 827 1725 860 1771; x_wconf 91' lang='lat' dir='ltr'><strong>ut</strong></span> <span class='ocrx_word' id='word_1_118' title='bbox 872 1716 1114 1786; x_wconf 56' lang='lat' dir='ltr'><strong>licentiatoriuna,</strong></span> 
     </span>
    </p>
   </div>
   <div class='ocr_carea' id='block_1_4' title="bbox 62 1806 1202 1884">
    <p class='ocr_par' dir='ltr' id='par_1_5' title="bbox 62 1806 1202 1884">
     <span class='ocr_line' id='line_1_16' title="bbox 62 1806 1202 1884; baseline 0.001 -18"><span class='ocrx_word' id='word_1_119' title='bbox 62 1810 198 1884; x_wconf 72' lang='lat' dir='ltr'><strong>probata</strong></span> <span class='ocrx_word' id='word_1_120' title='bbox 215 1809 384 1866; x_wconf 84' lang='lat' dir='ltr'><strong>autoritatia</strong></span> <span class='ocrx_word' id='word_1_121' title='bbox 399 1808 470 1864; x_wconf 87' lang='lat' dir='ltr'><strong>ilinc</strong></span> <span class='ocrx_word' id='word_1_122' title='bbox 488 1807 605 1877; x_wconf 87' lang='lat' dir='ltr'><strong>mittat,</strong></span> <span class='ocrx_word' id='word_1_123' title='bbox 623 1816 674 1863; x_wconf 90' lang='lat' dir='ltr'><strong>aut</strong></span> <span class='ocrx_word' id='word_1_124' title='bbox 689 1806 730 1863; x_wconf 80' lang='lat' dir='ltr'><strong>R.</strong></span> <span class='ocrx_word' id='word_1_125' title='bbox 747 1806 870 1864; x_wconf 79' lang='lat' dir='ltr'><strong>Patrem</strong></span> <span class='ocrx_word' id='word_1_126' title='bbox 883 1808 1037 1866; x_wconf 81' lang='lat' dir='ltr'><strong>vicarium</strong></span> <span class='ocrx_word' id='word_1_127' title='bbox 1054 1826 1110 1866; x_wconf 76' lang='lat' dir='ltr'><strong>aa.</strong></span> <span class='ocrx_word' id='word_1_128' title='bbox 1198 1867 1202 1880; x_wconf 77' lang='grc'><strong>,</strong></span> 
     </span>
    </p>
   </div>
   <div class='ocr_carea' id='block_1_5' title="bbox 61 1902 1156 2072">
    <p class='ocr_par' dir='ltr' id='par_1_6' title="bbox 61 1902 1156 2072">
     <span class='ocr_line' id='line_1_17' title="bbox 61 1902 1156 1976; baseline 0 -13"><span class='ocrx_word' id='word_1_129' title='bbox 61 1914 203 1963; x_wconf 76' lang='lat' dir='ltr'><strong>euentum</strong></span> <span class='ocrx_word' id='word_1_130' title='bbox 218 1902 339 1959; x_wconf 82' lang='lat' dir='ltr'><strong>habeat.</strong></span> <span class='ocrx_word' id='word_1_131' title='bbox 1105 1956 1109 1963; x_wconf 90' lang='grc'><em>,</em></span> <span class='ocrx_word' id='word_1_132' title='bbox 1152 1970 1156 1976; x_wconf 48' lang='grc'><strong>,</strong></span> 
     </span>
     <span class='ocr_line' id='line_1_18' title="bbox 132 1994 1108 2072; baseline 0.009 -21"><span class='ocrx_word' id='word_1_133' title='bbox 132 1994 226 2072; x_wconf 80' lang='lat' dir='ltr'><strong>Quod</strong></span> <span class='ocrx_word' id='word_1_134' title='bbox 237 2004 336 2050; x_wconf 90' lang='lat' dir='ltr'><strong>autem</strong></span> <span class='ocrx_word' id='word_1_135' title='bbox 343 1995 451 2052; x_wconf 81' lang='lat' dir='ltr'><strong>aeriuia</strong></span> <span class='ocrx_word' id='word_1_136' title='bbox 459 1995 630 2069; x_wconf 78' lang='lat' dir='ltr'><strong>Principem</strong></span> <span class='ocrx_word' id='word_1_137' title='bbox 644 1996 877 2054; x_wconf 71' lang='lat' dir='ltr'><strong>niustriuairnum</strong></span> <span class='ocrx_word' id='word_1_138' title='bbox 893 1998 953 2056; x_wconf 85' lang='lat' dir='ltr'><strong>mei</strong></span> <span class='ocrx_word' id='word_1_139' title='bbox 965 1998 1108 2071; x_wconf 75' lang='lat' dir='ltr'><strong>frequen.</strong></span> 
     </span>
    </p>
   </div>
   <div class='ocr_carea' id='block_1_6' title="bbox 41 2089 1104 3856">
    <p class='ocr_par' dir='ltr' id='par_1_7' title="bbox 44 2089 1104 3382">
     <span class='ocr_line' id='line_1_19' title="bbox 59 2089 1104 2164; baseline -0.001 -14"><span class='ocrx_word' id='word_1_140' title='bbox 59 2102 109 2150; x_wconf 88' lang='lat' dir='ltr'><strong>ter</strong></span> <span class='ocrx_word' id='word_1_141' title='bbox 132 2101 165 2148; x_wconf 87' lang='lat' dir='ltr'><strong>et</strong></span> <span class='ocrx_word' id='word_1_142' title='bbox 179 2089 346 2146; x_wconf 76' lang='lat' dir='ltr'><strong>honorifice</strong></span> <span class='ocrx_word' id='word_1_143' title='bbox 363 2091 552 2159; x_wconf 85' lang='lat' dir='ltr'><strong>meminiaae,</strong></span> <span class='ocrx_word' id='word_1_144' title='bbox 578 2107 638 2146; x_wconf 90' lang='lat' dir='ltr'><strong>nun</strong></span> <span class='ocrx_word' id='word_1_145' title='bbox 658 2092 779 2164; x_wconf 86' lang='lat' dir='ltr'><strong>quidem</strong></span> <span class='ocrx_word' id='word_1_146' title='bbox 800 2109 858 2161; x_wconf 81' lang='lat' dir='ltr'><strong>ego</strong></span> <span class='ocrx_word' id='word_1_147' title='bbox 882 2095 1016 2162; x_wconf 69' lang='lat' dir='ltr'><strong>gaudeo.</strong></span> <span class='ocrx_word' id='word_1_148' title='bbox 1046 2111 1104 2150; x_wconf 82' lang='lat' dir='ltr'><strong>oro</strong></span> 
     </span>
     <span class='ocr_line' id='line_1_20' title="bbox 58 2183 1103 2256; baseline 0.003 -13"><span class='ocrx_word' id='word_1_149' title='bbox 58 2197 176 2250; x_wconf 76' lang='lat' dir='ltr'><strong>umen,</strong></span> <span class='ocrx_word' id='word_1_150' title='bbox 196 2193 230 2240; x_wconf 91' lang='lat' dir='ltr'><strong>ut</strong></span> <span class='ocrx_word' id='word_1_151' title='bbox 243 2183 401 2241; x_wconf 74' lang='lat' dir='ltr'><strong>humilitati</strong></span> <span class='ocrx_word' id='word_1_152' title='bbox 414 2185 478 2255; x_wconf 80' lang='lat' dir='ltr'><strong>ejus</strong></span> <span class='ocrx_word' id='word_1_153' title='bbox 494 2183 644 2242; x_wconf 76' lang='lat' dir='ltr'><strong>Dominus</strong></span> <span class='ocrx_word' id='word_1_154' title='bbox 660 2185 746 2242; x_wconf 84' lang='lat' dir='ltr'><strong>Deus</strong></span> <span class='ocrx_word' id='word_1_155' title='bbox 759 2186 864 2242; x_wconf 85' lang='lat' dir='ltr'><strong>reddat</strong></span> <span class='ocrx_word' id='word_1_156' title='bbox 875 2188 1011 2256; x_wconf 80' lang='lat' dir='ltr'><strong>gloriam·</strong></span> <span class='ocrx_word' id='word_1_157' title='bbox 1030 2185 1103 2246; x_wconf 83' lang='lat' dir='ltr'><strong>Nun</strong></span> 
     </span>
     <span class='ocr_line' id='line_1_21' title="bbox 59 2279 1103 2351; baseline 0.003 -15"><span class='ocrx_word' id='word_1_158' title='bbox 59 2280 138 2336; x_wconf 88' lang='lat' dir='ltr'><strong>anim</strong></span> <span class='ocrx_word' id='word_1_159' title='bbox 159 2293 228 2335; x_wconf 87' lang='lat' dir='ltr'><strong>aum</strong></span> <span class='ocrx_word' id='word_1_160' title='bbox 246 2279 369 2348; x_wconf 74' lang='lat' dir='ltr'><strong>dignus,</strong></span> <span class='ocrx_word' id='word_1_161' title='bbox 386 2289 421 2334; x_wconf 90' lang='lat' dir='ltr'><strong>nt</strong></span> <span class='ocrx_word' id='word_1_162' title='bbox 436 2279 611 2334; x_wconf 80' lang='lat' dir='ltr'><strong>memoriam</strong></span> <span class='ocrx_word' id='word_1_163' title='bbox 631 2280 690 2335; x_wconf 88' lang='lat' dir='ltr'><strong>mei</strong></span> <span class='ocrx_word' id='word_1_164' title='bbox 704 2280 782 2336; x_wconf 79' lang='lat' dir='ltr'><strong>ullus</strong></span> <span class='ocrx_word' id='word_1_165' title='bbox 800 2279 896 2337; x_wconf 85' lang='lat' dir='ltr'><strong>lromu</strong></span> <span class='ocrx_word' id='word_1_166' title='bbox 913 2281 1032 2351; x_wconf 86' lang='lat' dir='ltr'><strong>habeat,</strong></span> <span class='ocrx_word' id='word_1_167' title='bbox 1050 2301 1103 2339; x_wconf 86' lang='lat' dir='ltr'><strong>na.</strong></span> 
     </span>
     <span class='ocr_line' id='line_1_22' title="bbox 57 2372 1103 2446; baseline 0.003 -16"><span class='ocrx_word' id='word_1_168' title='bbox 57 2375 128 2430; x_wconf 84' lang='lat' dir='ltr'><strong>dum</strong></span> <span class='ocrx_word' id='word_1_169' title='bbox 151 2372 315 2444; x_wconf 72' lang='lat' dir='ltr'><strong>Princeps,</strong></span> <span class='ocrx_word' id='word_1_170' title='bbox 345 2383 376 2428; x_wconf 85' lang='lat' dir='ltr'><strong>et</strong></span> <span class='ocrx_word' id='word_1_171' title='bbox 401 2372 467 2429; x_wconf 86' lang='lat' dir='ltr'><strong>talia</strong></span> <span class='ocrx_word' id='word_1_172' title='bbox 496 2380 654 2444; x_wconf 74' lang='lat' dir='ltr'><strong>tantusque</strong></span> <span class='ocrx_word' id='word_1_173' title='bbox 680 2373 844 2446; x_wconf 80' lang='lat' dir='ltr'><strong>Prinnepa:</strong></span> <span class='ocrx_word' id='word_1_174' title='bbox 872 2375 934 2431; x_wconf 90' lang='lat' dir='ltr'><strong>imo</strong></span> <span class='ocrx_word' id='word_1_175' title='bbox 957 2377 1046 2432; x_wconf 78' lang='lat' dir='ltr'><strong>video</strong></span> <span class='ocrx_word' id='word_1_176' title='bbox 1069 2388 1103 2434; x_wconf 89' lang='lat' dir='ltr'><strong>et</strong></span> 
     </span>
     <span class='ocr_line' id='line_1_23' title="bbox 57 2467 1101 2541; baseline 0.004 -18"><span class='ocrx_word' id='word_1_177' title='bbox 57 2467 218 2540; x_wconf 77' lang='lat' dir='ltr'><strong>experior,</strong></span> <span class='ocrx_word' id='word_1_178' title='bbox 236 2467 316 2540; x_wconf 88' lang='lat' dir='ltr'><strong>quud</strong></span> <span class='ocrx_word' id='word_1_179' title='bbox 332 2467 352 2523; x_wconf 92' lang='lat' dir='ltr'><strong>ii</strong></span> <span class='ocrx_word' id='word_1_180' title='bbox 365 2468 439 2525; x_wconf 82' lang='lat' dir='ltr'><strong>mihi</strong></span> <span class='ocrx_word' id='word_1_181' title='bbox 458 2467 588 2524; x_wconf 81' lang='lat' dir='ltr'><strong>maxime</strong></span> <span class='ocrx_word' id='word_1_182' title='bbox 603 2479 731 2540; x_wconf 75' lang='lat' dir='ltr'><strong>prosunt</strong></span> <span class='ocrx_word' id='word_1_183' title='bbox 751 2467 806 2539; x_wconf 79' lang='lat'><strong>²),</strong></span> <span class='ocrx_word' id='word_1_184' title='bbox 825 2470 875 2539; x_wconf 86' lang='lat' dir='ltr'><strong>qui</strong></span> <span class='ocrx_word' id='word_1_185' title='bbox 892 2471 952 2525; x_wconf 86' lang='lat' dir='ltr'><strong>mei</strong></span> <span class='ocrx_word' id='word_1_186' title='bbox 970 2471 1101 2541; x_wconf 84' lang='lat' dir='ltr'><strong>paaaime</strong></span> 
     </span>
     <span class='ocr_line' id='line_1_24' title="bbox 56 2560 1102 2632; baseline 0.003 -16"><span class='ocrx_word' id='word_1_187' title='bbox 56 2560 261 2617; x_wconf 82' lang='lat' dir='ltr'><strong>meminerint:</strong></span> <span class='ocrx_word' id='word_1_188' title='bbox 289 2569 388 2617; x_wconf 86' lang='lat' dir='ltr'><strong>tamen</strong></span> <span class='ocrx_word' id='word_1_189' title='bbox 412 2576 467 2631; x_wconf 79' lang='lat' dir='ltr'><strong>per</strong></span> <span class='ocrx_word' id='word_1_190' title='bbox 485 2569 516 2616; x_wconf 89' lang='lat' dir='ltr'><strong>te</strong></span> <span class='ocrx_word' id='word_1_191' title='bbox 535 2576 632 2631; x_wconf 73' lang='lat' dir='ltr'><strong>rugo,</strong></span> <span class='ocrx_word' id='word_1_192' title='bbox 660 2563 740 2617; x_wconf 82' lang='lat' dir='ltr'><strong>sinas</strong></span> <span class='ocrx_word' id='word_1_193' title='bbox 760 2577 809 2616; x_wconf 86' lang='lat' dir='ltr'><strong>me</strong></span> <span class='ocrx_word' id='word_1_194' title='bbox 830 2565 938 2631; x_wconf 81' lang='lat' dir='ltr'><strong>gratiae</strong></span> <span class='ocrx_word' id='word_1_195' title='bbox 960 2579 1048 2632; x_wconf 78' lang='lat' dir='ltr'><strong>agere</strong></span> <span class='ocrx_word' id='word_1_196' title='bbox 1070 2573 1102 2619; x_wconf 85' lang='lat' dir='ltr'><strong>et</strong></span> 
     </span>
     <span class='ocr_line' id='line_1_25' title="bbox 55 2652 1101 2727; baseline 0.002 -18"><span class='ocrx_word' id='word_1_197' title='bbox 55 2654 154 2710; x_wconf 75' lang='lat' dir='ltr'><strong>iavuri</strong></span> <span class='ocrx_word' id='word_1_198' title='bbox 168 2663 199 2710; x_wconf 91' lang='lat' dir='ltr'><strong>et</strong></span> <span class='ocrx_word' id='word_1_199' title='bbox 213 2652 360 2710; x_wconf 76' lang='lat' dir='ltr'><strong>beneflcio</strong></span> <span class='ocrx_word' id='word_1_200' title='bbox 375 2654 509 2724; x_wconf 78' lang='lat' dir='ltr'><strong>ejusdem</strong></span> <span class='ocrx_word' id='word_1_201' title='bbox 523 2655 619 2712; x_wconf 81' lang='lat' dir='ltr'><strong>noatri</strong></span> <span class='ocrx_word' id='word_1_202' title='bbox 635 2653 800 2726; x_wconf 77' lang='lat' dir='ltr'><strong>Principia,</strong></span> <span class='ocrx_word' id='word_1_203' title='bbox 819 2670 987 2727; x_wconf 84' lang='lat' dir='ltr'><strong>quanquam</strong></span> <span class='ocrx_word' id='word_1_204' title='bbox 1005 2655 1101 2711; x_wconf 87' lang='lat' dir='ltr'><strong>nolim</strong></span> 
     </span>
     <span class='ocr_line' id='line_1_26' title="bbox 53 2746 1102 2818; baseline 0.001 -15"><span class='ocrx_word' id='word_1_205' title='bbox 53 2756 107 2803; x_wconf 87' lang='lat' dir='ltr'><strong>aut</strong></span> <span class='ocrx_word' id='word_1_206' title='bbox 122 2747 176 2802; x_wconf 86' lang='lat' dir='ltr'><strong>aba</strong></span> <span class='ocrx_word' id='word_1_207' title='bbox 191 2758 242 2816; x_wconf 83' lang='lat' dir='ltr'><strong>te,</strong></span> <span class='ocrx_word' id='word_1_208' title='bbox 259 2756 312 2808; x_wconf 82' lang='lat' dir='ltr'><strong>aut</strong></span> <span class='ocrx_word' id='word_1_209' title='bbox 331 2746 393 2803; x_wconf 82' lang='lat' dir='ltr'><strong>ulio</strong></span> <span class='ocrx_word' id='word_1_210' title='bbox 411 2746 535 2803; x_wconf 85' lang='lat' dir='ltr'><strong>humine</strong></span> <span class='ocrx_word' id='word_1_211' title='bbox 553 2748 675 2815; x_wconf 86' lang='lat' dir='ltr'><strong>landari,</strong></span> <span class='ocrx_word' id='word_1_212' title='bbox 695 2749 765 2818; x_wconf 82' lang='lat' dir='ltr'><strong>quia</strong></span> <span class='ocrx_word' id='word_1_213' title='bbox 782 2764 857 2803; x_wconf 83' lang='lat' dir='ltr'><strong>vana</strong></span> <span class='ocrx_word' id='word_1_214' title='bbox 874 2749 939 2804; x_wconf 78' lang='lat' dir='ltr'><strong>taur</strong></span> <span class='ocrx_word' id='word_1_215' title='bbox 955 2749 1102 2816; x_wconf 85' lang='lat' dir='ltr'><strong>hominia,</strong></span> 
     </span>
     <span class='ocr_line' id='line_1_27' title="bbox 50 2840 1103 2911; baseline -0.003 -13"><span class='ocrx_word' id='word_1_216' title='bbox 50 2841 117 2898; x_wconf 88' lang='lat' dir='ltr'><strong>auia</strong></span> <span class='ocrx_word' id='word_1_217' title='bbox 134 2841 194 2898; x_wconf 90' lang='lat' dir='ltr'><strong>Dei</strong></span> <span class='ocrx_word' id='word_1_218' title='bbox 212 2841 276 2897; x_wconf 88' lang='lat' dir='ltr'><strong>iaua</strong></span> <span class='ocrx_word' id='word_1_219' title='bbox 291 2856 378 2907; x_wconf 82' lang='lat' dir='ltr'><strong>vera,</strong></span> <span class='ocrx_word' id='word_1_220' title='bbox 403 2840 483 2896; x_wconf 88' lang='lat' dir='ltr'><strong>aieut</strong></span> <span class='ocrx_word' id='word_1_221' title='bbox 499 2841 645 2911; x_wconf 74' lang='lat' dir='ltr'><strong>seriptum</strong></span> <span class='ocrx_word' id='word_1_222' title='bbox 662 2852 725 2898; x_wconf 73' lang='lat' dir='ltr'><strong>eata</strong></span> <span class='ocrx_word' id='word_1_223' title='bbox 757 2857 818 2898; x_wconf 82' lang='lat' dir='ltr'><strong>nun</strong></span> <span class='ocrx_word' id='word_1_224' title='bbox 831 2843 865 2896; x_wconf 81' lang='lat' dir='ltr'><strong>iu</strong></span> <span class='ocrx_word' id='word_1_225' title='bbox 883 2841 1021 2908; x_wconf 67' lang='lat' dir='ltr'><strong>kunnu,</strong></span> <span class='ocrx_word' id='word_1_226' title='bbox 1046 2841 1103 2897; x_wconf 75' lang='lat' dir='ltr'><strong>seri</strong></span> 
     </span>
     <span class='ocr_line' id='line_1_28' title="bbox 49 2929 1094 3004; baseline -0.004 -11"><span class='ocrx_word' id='word_1_227' title='bbox 49 2935 85 2993; x_wconf 82' lang='lat' dir='ltr'><strong>r&#39;n</strong></span> <span class='ocrx_word' id='word_1_228' title='bbox 102 2929 425 2992; x_wconf 74' lang='lat' dir='ltr'><strong>Domuutaudabttur</strong></span> <span class='ocrx_word' id='word_1_229' title='bbox 440 2934 548 2989; x_wconf 81' lang='lat' dir='ltr'><strong>untmu</strong></span> <span class='ocrx_word' id='word_1_230' title='bbox 563 2949 652 3004; x_wconf 86' lang='lat' dir='ltr'><strong>meu,</strong></span> <span class='ocrx_word' id='word_1_231' title='bbox 670 2946 701 2991; x_wconf 89' lang='lat' dir='ltr'><strong>et</strong></span> <span class='ocrx_word' id='word_1_232' title='bbox 715 2951 854 2992; x_wconf 86' lang='lat' dir='ltr'><strong>rnraum:</strong></span> <span class='ocrx_word' id='word_1_233' title='bbox 871 2935 979 2992; x_wconf 81' lang='lat' dir='ltr'><strong>nonin</strong></span> <span class='ocrx_word' id='word_1_234' title='bbox 995 2936 1094 2992; x_wconf 78' lang='lat' dir='ltr'><strong>muti.</strong></span> 
     </span>
     <span class='ocr_line' id='line_1_29' title="bbox 49 3025 1097 3102; baseline 0.003 -15"><span class='ocrx_word' id='word_1_235' title='bbox 49 3046 89 3087; x_wconf 82' lang='lat' dir='ltr'><strong>na</strong></span> <span class='ocrx_word' id='word_1_236' title='bbox 103 3036 221 3090; x_wconf 71' lang='lat' dir='ltr'><strong>uestro,</strong></span> <span class='ocrx_word' id='word_1_237' title='bbox 237 3028 293 3085; x_wconf 82' lang='lat' dir='ltr'><strong>sed</strong></span> <span class='ocrx_word' id='word_1_238' title='bbox 307 3025 480 3084; x_wconf 78' lang='lat' dir='ltr'><strong>laudamini</strong></span> <span class='ocrx_word' id='word_1_239' title='bbox 497 3028 530 3082; x_wconf 82' lang='lat' dir='ltr'><strong>iu</strong></span> <span class='ocrx_word' id='word_1_240' title='bbox 550 3030 671 3086; x_wconf 80' lang='lat' dir='ltr'><strong>nomiae</strong></span> <span class='ocrx_word' id='word_1_241' title='bbox 686 3035 794 3087; x_wconf 77' lang='lat' dir='ltr'><strong>murto</strong></span> <span class='ocrx_word' id='word_1_242' title='bbox 814 3034 891 3100; x_wconf 66' lang='grc' dir='ltr'><strong>(Ῐω.</strong></span> <span class='ocrx_word' id='word_1_243' title='bbox 924 3029 998 3087; x_wconf 84' lang='grc' dir='ltr'>Νοιι</span> <span class='ocrx_word' id='word_1_244' title='bbox 1014 3032 1097 3102; x_wconf 80' lang='lat' dir='ltr'><strong>quud</strong></span> 
     </span>
     <span class='ocr_line' id='line_1_30' title="bbox 48 3121 1097 3198; baseline 0.002 -18"><span class='ocrx_word' id='word_1_245' title='bbox 48 3124 110 3180; x_wconf 90' lang='lat' dir='ltr'><strong>aint</strong></span> <span class='ocrx_word' id='word_1_246' title='bbox 133 3122 379 3198; x_wconf 82' lang='lat' dir='ltr'><strong>reprehendendi</strong></span> <span class='ocrx_word' id='word_1_247' title='bbox 394 3121 564 3179; x_wconf 80' lang='lat' dir='ltr'><strong>laudaturae</strong></span> <span class='ocrx_word' id='word_1_248' title='bbox 583 3125 703 3192; x_wconf 85' lang='lat' dir='ltr'><strong>noatri,</strong></span> <span class='ocrx_word' id='word_1_249' title='bbox 729 3126 781 3182; x_wconf 85' lang='lat' dir='ltr'><strong>aed</strong></span> <span class='ocrx_word' id='word_1_250' title='bbox 805 3125 887 3197; x_wconf 86' lang='lat' dir='ltr'><strong>quod</strong></span> <span class='ocrx_word' id='word_1_251' title='bbox 909 3135 979 3182; x_wconf 87' lang='lat' dir='ltr'><strong>aunt</strong></span> <span class='ocrx_word' id='word_1_252' title='bbox 996 3125 1097 3182; x_wconf 86' lang='lat' dir='ltr'><strong>lauda.</strong></span> 
     </span>
     <span class='ocr_line' id='line_1_31' title="bbox 47 3217 1096 3292; baseline 0.003 -18"><span class='ocrx_word' id='word_1_253' title='bbox 47 3227 135 3274; x_wconf 85' lang='lat' dir='ltr'><strong>turea</strong></span> <span class='ocrx_word' id='word_1_254' title='bbox 152 3217 310 3274; x_wconf 86' lang='lat' dir='ltr'><strong>huminum</strong></span> <span class='ocrx_word' id='word_1_255' title='bbox 333 3218 436 3292; x_wconf 84' lang='lat' dir='ltr'><strong>putiua</strong></span> <span class='ocrx_word' id='word_1_256' title='bbox 458 3235 548 3291; x_wconf 88' lang='lat' dir='ltr'><strong>quarn</strong></span> <span class='ocrx_word' id='word_1_257' title='bbox 564 3219 642 3284; x_wconf 84' lang='lat' dir='ltr'><strong>Dei,</strong></span> <span class='ocrx_word' id='word_1_258' title='bbox 671 3220 721 3275; x_wconf 88' lang='lat' dir='ltr'><strong>oui</strong></span> <span class='ocrx_word' id='word_1_259' title='bbox 745 3220 802 3276; x_wconf 85' lang='lat' dir='ltr'><strong>auii</strong></span> <span class='ocrx_word' id='word_1_260' title='bbox 828 3219 912 3290; x_wconf 87' lang='lat' dir='ltr'><strong>lana,</strong></span> <span class='ocrx_word' id='word_1_261' title='bbox 939 3220 1096 3277; x_wconf 84' lang='lat' dir='ltr'><strong>honoret</strong></span> 
     </span>
     <span class='ocr_line' id='line_1_32' title="bbox 44 3310 302 3382; baseline 0.008 -17"><span class='ocrx_word' id='word_1_262' title='bbox 44 3310 164 3382; x_wconf 68' lang='lat' dir='ltr'><strong>gioria,</strong></span> <span class='ocrx_word' id='word_1_263' title='bbox 195 3311 302 3367; x_wconf 78' lang='lat' dir='ltr'><strong>Arnen.</strong></span> 
     </span>
    </p>

    <p class='ocr_par' dir='ltr' id='par_1_8' title="bbox 41 3403 1093 3856">
     <span class='ocr_line' id='line_1_33' title="bbox 115 3403 1092 3479; baseline 0.004 -18"><span class='ocrx_word' id='word_1_264' title='bbox 115 3403 200 3461; x_wconf 83' lang='lat' dir='ltr'><strong>Petia</strong></span> <span class='ocrx_word' id='word_1_265' title='bbox 214 3405 361 3476; x_wconf 86' lang='lat' dir='ltr'><strong>judicium</strong></span> <span class='ocrx_word' id='word_1_266' title='bbox 383 3421 485 3462; x_wconf 87' lang='lat' dir='ltr'><strong>meum</strong></span> <span class='ocrx_word' id='word_1_267' title='bbox 510 3422 602 3479; x_wconf 76' lang='lat' dir='ltr'><strong>nuper</strong></span> <span class='ocrx_word' id='word_1_268' title='bbox 628 3407 766 3463; x_wconf 81' lang='lat' dir='ltr'><strong>instituto</strong></span> <span class='ocrx_word' id='word_1_269' title='bbox 791 3414 845 3465; x_wconf 91' lang='lat' dir='ltr'><strong>tuo</strong></span> <span class='ocrx_word' id='word_1_270' title='bbox 874 3407 1092 3465; x_wconf 71' lang='lat' dir='ltr'><strong>acuendorum</strong></span> 
     </span>
     <span class='ocr_line' id='line_1_34' title="bbox 44 3499 1092 3576; baseline -0.001 -19"><span class='ocrx_word' id='word_1_271' title='bbox 44 3500 263 3572; x_wconf 75' lang='lat' dir='ltr'><strong>upuacniurum</strong></span> <span class='ocrx_word' id='word_1_272' title='bbox 281 3499 311 3555; x_wconf 90' lang='lat' dir='ltr'><strong>iu</strong></span> <span class='ocrx_word' id='word_1_273' title='bbox 334 3501 547 3557; x_wconf 77' lang='lat' dir='ltr'><strong>vernaculum:</strong></span> <span class='ocrx_word' id='word_1_274' title='bbox 571 3501 650 3556; x_wconf 81' lang='lat' dir='ltr'><strong>ultra</strong></span> <span class='ocrx_word' id='word_1_275' title='bbox 671 3502 752 3559; x_wconf 75' lang='lat' dir='ltr'><strong>vitea</strong></span> <span class='ocrx_word' id='word_1_276' title='bbox 769 3518 852 3560; x_wconf 86' lang='lat' dir='ltr'><strong>meaa</strong></span> <span class='ocrx_word' id='word_1_277' title='bbox 870 3503 976 3572; x_wconf 73' lang='lat' dir='ltr'><strong>exigis.</strong></span> <span class='ocrx_word' id='word_1_278' title='bbox 1013 3501 1092 3576; x_wconf 81' lang='lat' dir='ltr'><strong>Quia</strong></span> 
     </span>
     <span class='ocr_line' id='line_1_35' title="bbox 44 3593 1092 3669; baseline 0.004 -21"><span class='ocrx_word' id='word_1_279' title='bbox 44 3607 101 3663; x_wconf 68' lang='lat' dir='ltr'><strong>ego</strong></span> <span class='ocrx_word' id='word_1_280' title='bbox 121 3607 206 3662; x_wconf 86' lang='lat' dir='ltr'><strong>autu,</strong></span> <span class='ocrx_word' id='word_1_281' title='bbox 225 3602 261 3649; x_wconf 83' lang='lat' dir='ltr'><strong>at</strong></span> <span class='ocrx_word' id='word_1_282' title='bbox 275 3593 426 3664; x_wconf 81' lang='lat' dir='ltr'><strong>judicem,</strong></span> <span class='ocrx_word' id='word_1_283' title='bbox 444 3594 514 3666; x_wconf 88' lang='lat' dir='ltr'><strong>quid</strong></span> <span class='ocrx_word' id='word_1_284' title='bbox 538 3594 658 3667; x_wconf 83' lang='lat' dir='ltr'><strong>publice</strong></span> <span class='ocrx_word' id='word_1_285' title='bbox 679 3606 743 3651; x_wconf 89' lang='lat' dir='ltr'><strong>turn</strong></span> <span class='ocrx_word' id='word_1_286' title='bbox 762 3597 896 3669; x_wconf 83' lang='lat' dir='ltr'><strong>piaoeat,</strong></span> <span class='ocrx_word' id='word_1_287' title='bbox 912 3607 977 3653; x_wconf 87' lang='lat' dir='ltr'><strong>tum</strong></span> <span class='ocrx_word' id='word_1_288' title='bbox 998 3596 1092 3668; x_wconf 77' lang='lat' dir='ltr'><strong>prud·</strong></span> 
     </span>
     <span class='ocr_line' id='line_1_36' title="bbox 43 3685 1093 3763; baseline 0.004 -21"><span class='ocrx_word' id='word_1_289' title='bbox 43 3687 126 3743; x_wconf 70' lang='lat' dir='ltr'><strong>niati</strong></span> <span class='ocrx_word' id='word_1_290' title='bbox 153 3703 224 3744; x_wconf 85' lang='lat' dir='ltr'><strong>oum</strong></span> <span class='ocrx_word' id='word_1_291' title='bbox 240 3687 335 3743; x_wconf 83' lang='lat' dir='ltr'><strong>auliua</strong></span> <span class='ocrx_word' id='word_1_292' title='bbox 351 3688 390 3744; x_wconf 88' lang='lat' dir='ltr'><strong>ait</strong></span> <span class='ocrx_word' id='word_1_293' title='bbox 411 3688 529 3757; x_wconf 73' lang='lat' dir='ltr'><strong>gratim,</strong></span> <span class='ocrx_word' id='word_1_294' title='bbox 553 3699 587 3745; x_wconf 90' lang='lat' dir='ltr'><strong>ut</strong></span> <span class='ocrx_word' id='word_1_295' title='bbox 602 3685 739 3761; x_wconf 84' lang='lat' dir='ltr'><strong>¹placeant</strong></span> <span class='ocrx_word' id='word_1_296' title='bbox 753 3706 788 3745; x_wconf 82' lang='lat' dir='ltr'><strong>au</strong></span> <span class='ocrx_word' id='word_1_297' title='bbox 805 3690 980 3763; x_wconf 79' lang='lat' dir='ltr'><strong>proficiant,</strong></span> <span class='ocrx_word' id='word_1_298' title='bbox 1011 3706 1093 3762; x_wconf 76' lang='lat' dir='ltr'><strong>qua.</strong></span> 
     </span>
     <span class='ocr_line' id='line_1_37' title="bbox 41 3779 1092 3856; baseline 0 -19"><span class='ocrx_word' id='word_1_299' title='bbox 41 3796 162 3854; x_wconf 82' lang='lat' dir='ltr'><strong>nonque</strong></span> <span class='ocrx_word' id='word_1_300' title='bbox 188 3779 307 3854; x_wconf 84' lang='lat' dir='ltr'><strong>placant</strong></span> <span class='ocrx_word' id='word_1_301' title='bbox 322 3790 372 3838; x_wconf 93' lang='lat' dir='ltr'><strong>aut</strong></span> <span class='ocrx_word' id='word_1_302' title='bbox 390 3781 561 3854; x_wconf 76' lang='lat' dir='ltr'><strong>proficiunt.</strong></span> <span class='ocrx_word' id='word_1_303' title='bbox 594 3784 642 3840; x_wconf 73' lang='lat' dir='ltr'><strong>Au</strong></span> <span class='ocrx_word' id='word_1_304' title='bbox 663 3785 804 3854; x_wconf 73' lang='lat' dir='ltr'><strong>ignorat.</strong></span> <span class='ocrx_word' id='word_1_305' title='bbox 831 3785 915 3856; x_wconf 82' lang='lat' dir='ltr'><strong>quud</strong></span> <span class='ocrx_word' id='word_1_306' title='bbox 937 3800 999 3855; x_wconf 86' lang='lat' dir='ltr'><strong>qun</strong></span> <span class='ocrx_word' id='word_1_307' title='bbox 1022 3794 1092 3838; x_wconf 85' lang='lat' dir='ltr'><strong>auat</strong></span> 
     </span>
    </p>
   </div>
   <div class='ocr_carea' id='block_1_7' title="bbox 89 4066 422 4141">
    <p class='ocr_par' dir='ltr' id='par_1_9' title="bbox 89 4066 422 4141">
     <span class='ocr_line' id='line_1_38' title="bbox 89 4066 422 4141; baseline 0.012 -29"><span class='ocrx_word' id='word_1_308' title='bbox 89 4071 122 4118; x_wconf 78' lang='lat' dir='ltr'><strong>a)</strong></span> <span class='ocrx_word' id='word_1_309' title='bbox 148 4066 222 4141; x_wconf 79' lang='lat' dir='ltr'><strong>cuti.</strong></span> <span class='ocrx_word' id='word_1_310' title='bbox 237 4066 253 4120; x_wconf 84' lang='lat' dir='ltr'>J</span> <span class='ocrx_word' id='word_1_311' title='bbox 261 4079 306 4115; x_wconf 87' lang='lat' dir='ltr'><strong>en.</strong></span> <span class='ocrx_word' id='word_1_312' title='bbox 321 4069 422 4127; x_wconf 72' lang='lat' dir='ltr'><strong>pretim.</strong></span> 
     </span>
    </p>
   </div>
   <div class='ocr_carea' id='block_1_8' title="bbox 0 0 1292 4732">
    <p class='ocr_par' dir='ltr' id='par_1_10' title="bbox 0 0 1292 4732">
     <span class='ocr_line' id='line_1_39' title="bbox 0 0 1292 4732; baseline 0 6"><span class='ocrx_word' id='word_1_313' title='bbox 0 0 1292 4732; x_wconf 95' lang='lat' dir='ltr'><strong> </strong></span> 
     </span>
    </p>
   </div>
  </div>
 </body>
</html>
