2574 4732
159 251 245 389 *aaa*
487 278 498 298 ¹
648 299 741 370 1519.

164 461 234 518 libri
254 459 444 514 afferrentur.
479 455 571 513 Nulla
590 456 646 513 alia
666 475 700 513 re
717 457 826 515 invidia
851 467 883 516 et
907 455 1032 516 ambitio
1058 459 1219 533 impuden-

166 557 226 613 tius
244 569 278 610 se
295 551 483 609 ostendebat.
700 622 703 627 ι
875 576 878 580 ·
1074 602 1079 609 ,

233 648 268 703 In
284 646 342 701 dne
358 644 505 702 subdolus
522 643 618 701 homo
642 634 742 702 omnia
756 647 930 710 noncessit,
948 665 1013 721 quae
1031 649 1215 708 Caristadius

164 741 333 812 arguebat,
360 757 426 812 quaa
450 749 551 795 tamen
575 738 697 794 sortiter
717 741 925 814 impugnarat,
951 752 982 799 et
1011 743 1136 799 omnino
1159 761 1215 816 per

164 836 265 894 omnia
282 851 353 890 euna
375 850 412 890 eo
435 833 605 902 consensit,
623 833 812 904 glorificans,
837 837 919 908 qnod
939 837 1074 892 insuam
1093 846 1216 893 senten.

163 932 235 987 tiam
256 928 455 1002 pertraxisset
478 927 706 983 Caristadium..
727 928 807 985 Nam
827 930 955 986 Sootum
968 946 1051 985 oum
1075 930 1215 995 deotistia,

162 1035 195 1081 et
215 1023 397 1096 Capreoiurn
414 1039 485 1077 oum
502 1021 674 1078 Thomietis
691 1023 815 1093 rejecit,
833 1025 954 1092 dicens,
980 1034 1107 1080 osterna
1119 1026 1214 1083 sobo.

163 1119 288 1176 iastioos
308 1118 387 1172 idem
405 1125 436 1171 et
455 1117 590 1186 sapuisse
612 1123 642 1170 et
659 1116 818 1185 doouisae,
836 1119 917 1189 quod
932 1117 1127 1174 Caristadius.
1168 1120 1215 1175 lta

162 1213 274 1269 cecidit
293 1221 367 1267 tono
383 1209 493 1265 Sootns
513 1216 544 1264 et
564 1207 747 1278 Capreolus,
776 1211 808 1266 id
830 1221 895 1281 est,
912 1213 988 1268 ‘dun
1007 1212 1215 1271 celeberrimae

162 1308 310 1374 sactiones
325 1304 525 1359 snotistarum
542 1311 574 1358 et
590 1302 832 1366 Thornistarum.

228 1399 335 1456 Altera
353 1398 517 1468 septimana
539 1411 661 1451 meeum
684 1399 867 1472 disceptavit.
892 1399 1046 1458 Primum
1066 1403 1214 1460 acerrime

160 1498 197 1554 de
226 1494 356 1566 prioratu
376 1492 507 1549 Romani
533 1490 700 1548 Pontidois.
742 1492 819 1565 Ejus
843 1495 941 1550 virtus
968 1495 1154 1552 consistebat
1181 1498 1213 1554 in

160 1589 275 1645 verbo:
306 1586 354 1643 Tu
374 1603 406 1642 er
429 1586 554 1652 Petrus,
572 1596 618 1643 et:
641 1601 735 1658 puros
751 1604 818 1644 ovea
844 1604 950 1659 mear,
972 1604 1161 1664 sequererne
1183 1599 1215 1648 et

139 1731 142 1738 .
160 1684 312 1755 confirmo
326 1683 450 1749 fratrer
467 1688 550 1746 tuor,
571 1681 719 1750 adjunctis
733 1682 835 1738 multia
851 1683 1062 1740 autoritatibus
1073 1685 1212 1743 Petrum.
1262 1699 1264 1703 ⁴

158 1778 226 1849 Ego
245 1779 316 1851 qnid
338 1778 567 1850 responderim,
595 1776 712 1832 ridebis
730 1777 914 1849 propediem.
934 1819 938 1826 .
957 1776 1078 1833 Deinde
1098 1779 1134 1835 ad
1156 1795 1212 1835 ex.

160 1884 292 1928 tremum
310 1873 466 1941 veniens,
480 1881 564 1927 totus
581 1870 739 1933 inclinatus
761 1870 911 1927 reoumblt
930 1870 960 1926 in
979 1871 1110 1928 coneilio
1131 1872 1213 1929 Con.

159 1968 343 2039 stantiensi,
360 1968 442 2038 qnod
464 1965 618 2019 damnarat
640 1963 801 2019 articulum
828 1963 938 2031 Huasi,
954 1966 1011 2036 qni·
1021 1967 1139 2021 dixerat
1160 1985 1213 2040 pa..

157 2070 294 2135 patuma
314 2043 540 2125 Caesare'esse,
564 2057 648 2127 quasi
667 2057 707 2112 eit
721 2056 792 2125 jure
812 2057 924 2114 divino.
965 2059 1054 2114 Tuoo
1075 2062 1158 2116 velut
1179 2063 1211 2118 in

158 2153 270 2208 harena
285 2168 337 2206 sun
355 2151 477 2206 fortiter
494 2149 641 2216 instabat,
662 2149 794 2204 Bdemos
810 2150 884 2204 mihi
902 2149 1047 2220 objiciens
1064 2166 1094 2207 et
1107 2157 1211 2223 palam

106 2286 111 2293 .
157 2245 335 2301 hereticum
350 2253 381 2296 et
397 2252 556 2313 patronum
572 2241 756 2296 Bdemorum
773 2241 947 2297 criminans.
982 2242 1208 2299 Eatenimnon

157 2337 257 2393 minus
275 2336 446 2406 impudens,
467 2350 556 2406 qnam
576 2333 753 2388 temerarius
774 2333 921 2404 sophista.
956 2333 1073 2388 Mirnm
1093 2336 1122 2390 in
1142 2353 1207 2391 mo.

155 2431 229 2511 dum
245 2427 310 2482 hano
329 2428 471 2497 crimina,
490 2428 557 2499 plus
573 2442 662 2501 qnam
681 2427 841 2496 disputatio
857 2425 937 2497 ipsa,
956 2427 1116 2497 Lipsenses
1135 2431 1210 2485 titii.

158 2523 269 2580 larunt.

224 2617 291 2686 Ego
309 2632 431 2671 rursum
448 2615 576 2687 opposui
593 2612 719 2670 Graaooa
738 2628 793 2683 per
812 2613 892 2666 mitte
913 2631 1008 2670 annos
1023 2624 1055 2670 et
1070 2619 1209 2689 antiquos

156 2711 284 2780 Patres,
316 2712 366 2783 qui
393 2726 454 2764 non
480 2710 606 2764 fuissent
627 2707 683 2763 sub
707 2708 836 2763 Romani
862 2707 1019 2765 Pontificis
1038 2722 1206 2781 potestate,

157 2822 328 2879 quanquam
348 2806 512 2876 primatum
539 2803 666 2858 honoris
694 2803 720 2857 ei
748 2819 809 2856 non
830 2818 981 2871 negarem.
1027 2805 1068 2861 Et
1089 2809 1209 2862 tandem

158 2902 195 2954 de
210 2901 471 2970 conciliiquoqne
494 2898 652 2951 autoritate
676 2898 870 2969 disputatum.
905 2897 972 2967 Ego
993 2901 1089 2970 palam
1110 2903 1207 2957 fassus

158 3010 243 3056 anm,
271 3009 338 3049 esse
360 2992 474 3064 aliquot
496 2991 641 3045 articulos
661 2991 760 3069 inique
780 2991 956 3058 damnatos,
980 2993 1084 3065 utqui
1108 3005 1209 3050 essent
1267 3015 1280 3029 κ

156 3087 260 3156 Pauli,
291 3085 470 3155 Augustini,
496 3085 624 3155 denique
647 3084 738 3156 ipsius
765 3087 904 3153 Christi,
931 3088 1040 3157 opertis
1066 3097 1097 3142 et
1119 3089 1207 3144 olaris'

156 3181 259 3237 verbis
292 3181 385 3235 docti.
425 3177 494 3232 Hic.
513 3194 588 3234 vero
620 3178 759 3234 intumuit
792 3183 920 3251 vipera,
952 3191 982 3235 et
1016 3184 1207 3251 exaggeravit

156 3291 258 3329 meum
274 3274 390 3336 scelus,
410 3282 440 3327 et
463 3288 545 3342 paene
565 3273 702 3326 insanivit
721 3274 866 3328 adulando
885 3273 1090 3344 Lipsensibns.
1126 3277 1208 3331 Tan.

155 3371 224 3424 dem
243 3368 368 3440 probavi
388 3381 428 3420 ex
447 3366 539 3437 ipsius
557 3368 678 3422 concilii
703 3368 825 3429 verbis,
854 3384 914 3423 non
936 3383 1042 3424 omnes
1062 3369 1208 3425 articulos

155 3462 267 3517 ibidem
286 3462 442 3517 damnatos
463 3474 528 3513 esse
547 3459 709 3516 haereticos
727 3473 756 3515 et
779 3478 943 3527 erroneos,
965 3463 1034 3518 ideo
1047 3463 1120 3518 nibil
1138 3472 1209 3519 enm

157 3544 293 3611 effecisse
312 3555 374 3609 auia
391 3552 637 3622 probationibuat
657 3564 688 3607 et
706 3555 749 3610 sio
773 3557 881 3626 pandet
901 3557 956 3611 ista
975 3573 1036 3613 res.
1133 3581 1137 3588 ·

224 3651 330 3705 Tertia
356 3648 562 3710 hebdomada,
587 3650 623 3702 de
650 3649 846 3720 poenirentia,
866 3651 903 3703 de
935 3652 1132 3720 purgatorio,
1169 3651 1209 3706 de

156 3747 367 3815 indulgentiis,
400 3745 440 3798 ds
462 3751 612 3814 potestate
641 3742 816 3797 absotvendi
847 3743 1007 3812 cujustibet
1040 3744 1209 3800 sacerdotis

157 3842 340 3913 disputatum
358 3847 403 3893 eet
418 3838 579 3892 internos.
612 3836 693 3891 Nam
710 3851 778 3888 oum
794 3835 961 3891 Carlstadio
982 3838 1093 3892 inritas
1107 3839 1210 3909 dispo,

157 3935 258 3996 tabat.
278 3951 326 3988 nte
350 3949 427 3987 vero
447 3931 537 3984 tiniae
561 3929 691 4001 potebat.
728 3930 922 3996 Indulgentiae
940 3945 1011 3985 sane
1031 3933 1209 3986 oeciderunt

160 4030 316 4085 funditus:
342 4036 373 4082 et
393 4041 514 4082 meeum
533 4041 589 4097 per
611 4024 792 4081 omniafere
815 4023 984 4093 consensit,
1008 4034 1040 4080 et
1063 4026 1092 4080 in
1113 4027 1211 4080 risum
