2574 4732
596 297 684 365 1516.
1124 304 1163 367 2³

114 456 167 513 sed
190 471 303 513 moneo
324 455 355 512 in
374 453 531 525 Domino,
554 464 589 511 ut
614 456 776 524 registrum
793 455 940 525 singulare
967 455 1167 527 subordines,

114 552 144 607 in
165 569 229 624 quo
250 551 354 607 dietim
372 551 552 619 consignes,
570 559 715 621 quantum
735 551 904 617 cerevisiae,
923 561 1067 621 quantum
1092 553 1166 621 vini,

115 656 261 716 quantum
281 644 383 716 panis,
409 654 554 716 quantum
575 644 728 711 carnium,
755 655 898 714 quantum
916 644 1044 714 denique
1063 645 1166 714 cujus.

114 756 236 811 cunque
264 734 308 792 rei
327 738 358 793 in
376 738 426 794 ilia
446 748 640 794 consumtum
657 738 714 805 sit,
740 737 875 810 adjecto,
900 754 964 808 qum
987 755 1043 808 pro
1070 740 1165 807 gradu

115 843 169 888 tuo
186 833 239 903 vel
256 832 379 888 alterius
406 840 565 887 consumta
583 831 716 899 luerint,
734 830 922 886 nomibidem
944 833 1092 901 assignes,
1110 820 1163 888 sed

116 935 235 983 tautum
259 943 324 997 quse
349 941 405 997 pro
428 925 638 981 communibus
661 924 844 996 hospitibus.

184 1019 279 1090 Cujus
307 1019 427 1089 registri
452 1020 596 1088 modum,
624 1019 649 1074 si
666 1002 728 1074 non
749 1018 858 1074 melius
878 1018 1048 1086 inveneris,
1074 1019 1164 1075 talem

117 1113 245 1185 accipe,
262 1126 296 1169 ut
315 1113 407 1169 certis
426 1113 589 1169 intervallis
606 1113 645 1167 ita
664 1111 795 1168 scribas:
824 1113 854 1167 in
874 1112 922 1166 die
942 1113 1037 1167 sancti
1056 1111 1166 1183 hujus,

117 1206 167 1263 vel
191 1207 264 1262 feria
284 1208 335 1264 tali
344 1247 354 1275 ,
385 1216 455 1279 post
484 1206 544 1262 tale
576 1202 706 1276 festum,
734 1214 850 1260 tantum
878 1213 925 1260 est
949 1212 1166 1275 consumtum,

118 1301 255 1370 scilicet,
281 1301 342 1357 vini
359 1310 475 1356 tantum
486 1340 496 1369 ,
515 1301 599 1372 penis
617 1309 731 1354 tantum
749 1308 827 1362 etc,
849 1314 906 1370 pro
927 1297 976 1352 tali
993 1296 1035 1354 N.
1057 1300 1105 1355 vel
1123 1299 1166 1358 N.

118 1393 300 1465 hospitibus.
336 1393 410 1452 Nou
424 1396 463 1451 sit
476 1394 529 1450 tibi
545 1395 607 1450 hoc
623 1393 830 1462 laboriosum,
847 1408 945 1464 neque
961 1392 1164 1464 superfluum:

119 1491 231 1546 aestima
250 1505 369 1561 quaeso,
395 1488 526 1560 alioquin
546 1489 741 1560 praeciperem
761 1487 836 1542 tibi:
860 1487 965 1542 nescis
983 1489 1062 1543 forte
1083 1489 1166 1558 cogi.

118 1593 216 1637 tetum
232 1599 344 1638 meum.
386 1581 454 1639 Tali
474 1582 554 1636 enim
574 1583 668 1637 modo
691 1577 770 1649 (nisi
793 1596 842 1634 me
866 1581 965 1636 omnis
985 1595 1091 1636 sensus
1112 1582 1167 1637 iai.

118 1676 172 1744 lit)
199 1676 333 1746 videbis,
357 1693 394 1730 an
416 1684 586 1730 conventus
606 1675 646 1729 sit
666 1673 734 1745 plus
755 1672 989 1742 monasterium,
1014 1689 1104 1744 quam
1124 1684 1168 1729 ta.

118 1769 213 1842 berna
230 1771 280 1825 vel
292 1769 453 1840 hospitale.
473 1767 556 1841 Quin
572 1768 630 1822 isto
648 1767 741 1822 modo
757 1782 819 1820 uon
836 1765 935 1820 solum
951 1766 1028 1821 scire
1042 1770 1167 1840 poteris,

119 1875 267 1935 quantum
296 1864 335 1919 sit
357 1873 576 1929 consumtum,
610 1861 663 1918 sed
694 1869 725 1916 et
751 1859 861 1930 quibus
893 1868 926 1913 et
955 1869 1030 1930 quot
1063 1861 1169 1920 diebus

117 1957 281 2027 hospitalis
296 1957 406 2023 fueris,
434 1957 559 2023 denique
579 1955 687 2026 quibus
708 1953 880 2024 hospitibus
901 1953 1012 2009 inerint
1033 1955 1169 2012 exhibita

120 2066 218 2121 opera
238 2050 434 2105 reverentiae:
460 2051 511 2104 sed
532 2059 562 2104 et
580 2049 727 2103 murmuri
748 2048 875 2102 fratrum
898 2046 991 2119 objici
1015 2059 1116 2120 potest
1138 2059 1170 2108 et

119 2146 202 2200 ratio
222 2144 324 2210 reddi,
342 2143 389 2198 vel
406 2142 555 2204 accusari,
574 2153 604 2198 et
622 2142 716 2198 multa
735 2142 810 2210 alia,
828 2157 893 2212 quae
907 2157 989 2198 nuuc
1007 2158 1069 2200 nou
1086 2144 1168 2201 dico.

192 2238 287 2294 Velim
308 2237 415 2307 etism,
442 2245 476 2292 ut
499 2254 555 2315 pro
578 2235 775 2292 Terminariis
798 2235 1002 2305 venientibus,
1030 2240 1169 2294 exeunti.

117 2333 200 2400 hus,
226 2342 257 2386 et
279 2331 413 2403 hospites
438 2347 510 2386 suos
532 2329 747 2386 adducentibus
772 2329 962 2399 singulariter
982 2339 1012 2385 et
1035 2335 1166 2388 seorsim

119 2428 238 2483 iaceres
256 2425 438 2494 signaturas,
454 2425 544 2480 atita
560 2424 656 2495 possit
670 2424 811 2495 inquietis
829 2433 860 2478 et
877 2425 1050 2481 insaturatis
1064 2427 1169 2496 objici,

121 2529 266 2592 quantum
288 2520 510 2574 consumserint
529 2520 671 2590 prodige,
701 2518 752 2589 qui
777 2517 955 2586 superbiunt
974 2519 1010 2572 de
1029 2520 1188 2576 multitu.·v

121 2616 191 2670 dine
213 2613 347 2669 utilitatis
369 2623 398 2667 et
418 2628 517 2684 operae
534 2628 604 2668 sure.
639 2610 730 2681 Vale,
750 2621 781 2668 et
802 2621 868 2667 esto
886 2612 933 2666 vir
957 2612 1121 2672 robustus,
1140 2623 1171 2671 et

120 2708 274 2764 Dominus
298 2707 356 2762 erit
378 2716 499 2773 tecum,
523 2722 660 2774 memor,
689 2705 769 2776 quod
789 2705 907 2776 positus
928 2721 960 2761 es
982 2707 1012 2760 in
1035 2708 1171 2776 signum,

122 2803 172 2857 cui
194 2802 436 2866 contradicetur,
456 2801 520 2855 aliis
539 2801 617 2854 odor
635 2799 740 2877 bonus
753 2799 782 2852 in
798 2800 909 2864 vitam,
928 2798 991 2852 aliis
1006 2814 1080 2854 vero
1095 2801 1172 2856 odor

122 2897 154 2951 in
181 2904 311 2950 mortem
327 2933 337 2962 ,
366 2901 397 2953 et
426 2909 480 2946 ora
506 2909 563 2962 pro
592 2905 675 2946 me.·
698 2890 748 2946 Ex
772 2890 875 2959 Solea,
900 2893 927 2946 8.
948 2891 996 2946 die
1026 2891 1172 2963 Corporis

123 2989 255 3057 Christi,
279 3004 357 3043 anno
374 2985 526 3042 MDXVI.

710 3079 817 3136 Frater
833 3078 986 3137 Martinus
1009 3066 1172 3143 Lutherus·

191 3254 264 3312 Nou
293 3255 391 3311 inveni
414 3255 445 3310 iu
469 3254 607 3310 districtu
632 3254 691 3310 isto
715 3262 883 3310 conventus
910 3254 1048 3312 similiter
1072 3258 1176 3329 dispo.

124 3351 220 3418 sitos,
238 3351 430 3421 pergratiam
445 3348 526 3416 Dei,
544 3359 578 3404 ut
594 3348 709 3404 Gotteu
728 3359 758 3404 et
774 3349 892 3405 Salaen:
920 3349 1000 3405 hunc
1021 3369 1079 3406 una
1095 3353 1173 3409 hora

124 3445 313 3512 audivimus,
340 3443 424 3498 illum
446 3443 526 3499 sorte
546 3442 671 3499 duabus.
706 3443 779 3498 Ideo
796 3443 935 3498 celeriter
956 3461 1059 3500 sumus
1080 3463 1175 3517 expe.

124 3538 179 3593 diti
207 3547 236 3594 et
258 3552 326 3593 cras
353 3537 424 3593 Deo
453 3536 584 3608 propitio
610 3553 717 3594 versus
743 3537 922 3594 Northusen
944 3538 1070 3608 ibimus,
1103 3540 1174 3610 quia

122 3632 295 3701 Dominus,
320 3641 354 3686 ut
373 3648 481 3704 spero,
504 3633 567 3687 sine
589 3632 704 3699 nobis,
726 3631 841 3686 inistis
865 3632 941 3687 locis
960 3643 1121 3705 operatur.
1143 3642 1175 3688 et

123 3734 230 3796 regnat
245 3727 276 3780 in
292 3726 494 3798 spiritualibus
517 3736 548 3781 et
569 3724 805 3798 temporalibus,
833 3725 906 3780 licet
926 3727 1021 3784 invito
1042 3726 1174 3784 diabolo·

123 3821 238 3878 Invasit
258 3837 309 3876 me
330 3807 472 3876 diaeresis
500 3821 652 3891 quaedam,
685 3821 720 3874 nd
739 3819 838 3874 febres
856 3835 955 3874 meme
970 3821 1175 3891 perductura,

123 3915 182 3971 uisi
204 3914 357 3970 Dominus
379 3913 577 3986 prohibuerit.
604 3913 655 3968 Tu
677 3930 731 3968 ora
749 3929 806 3985 pro
822 3929 890 3981 me,
908 3924 942 3967 ut
960 3913 1011 3967 liat
1036 3913 1178 3984 pulcher.

126 4011 202 4064 rima
222 4009 362 4066 voluutas
382 4009 446 4079 ejus
461 4009 492 4064 in
511 4023 559 4063 me
583 4023 703 4082 semper
725 4007 901 4076 benedicta,
926 4010 1037 4062 Amen.
