2574 4732
180 289 241 358 226
658 294 747 362 tute.

179 448 336 517 omnihus,
362 465 427 520 qun
448 448 479 504 in
498 448 623 505 Christo
643 450 687 518 egi
709 451 861 519 videmus,
886 463 943 506 not
961 448 1045 507 ducit
1064 449 1101 507 ad
1119 453 1228 509 amau.

163 545 265 614 jum,
291 542 519 610 honorandum,
545 543 772 613 glorificandum
798 543 941 610 Patrem,
972 552 1007 600 ut
1040 561 1078 599 nc
1100 547 1227 604 actum

174 638 281 710 pedem
301 637 425 706 figamus
445 637 475 692 in
494 637 679 695 humanitate
698 636 828 706 christi,
844 654 901 711 per
917 654 1007 709 quam
1023 637 1112 694 nobis
1129 641 1226 695 mise.

173 731 306 787 ricordin
327 730 509 800 exhibetur,
534 733 587 788 red
613 748 667 803 per
688 744 756 788 eant
781 733 813 789 in
832 731 1014 788 invisibilem
1031 732 1153 790 Patrem
1172 750 1223 787 ra.

171 824 309 893 piamun,
342 825 525 881 admirantes
553 841 643 882 euru.
675 843 766 898 quem
791 826 928 882 audimur
954 837 1035 884 tauta
1059 827 1223 884 nobiscum

63 918 68 931 '
172 917 334 973 facientem
353 934 407 991 per
425 918 642 975 humanitatem
658 920 736 976 hanc
754 919 882 976 Christi.

237 1009 278 1066 Et
297 1012 322 1068 ie
342 1022 391 1068 est
407 1012 512 1067 unicus
526 1021 559 1065 et
578 1011 662 1066 solur
676 1014 786 1068 modus
800 1015 1005 1082 cognoscendi
1026 1015 1104 1084 Dei,
1120 1029 1219 1087 aquo

168 1104 259 1176 louge
280 1114 472 1161 teneamur
494 1104 642 1160 docturus
664 1106 899 1175 sententiarum,
933 1108 984 1180 qui
1009 1109 1039 1164 ir
1064 1109 1223 1165 absolutus

170 1199 332 1256 diuinitatis
343 1196 563 1267 speculationes
576 1196 763 1268 irrepserunt
770 1186 784 1230 s
786 1199 813 1266 ),
826 1201 938 1256 omissa
949 1201 1064 1258 Christi
1080 1202 1221 1259 lrumani.

168 1300 246 1360 tate,
272 1299 306 1345 et
329 1290 396 1345 ideo
423 1288 657 1357 magnitudine
673 1289 835 1360 potentin,
862 1291 1041 1362 majestatis,
1063 1296 1221 1367 sapientias

168 1386 232 1457 ejus
255 1400 316 1440 nou
340 1390 441 1453 potem
461 1381 629 1437 subsistere
649 1382 746 1438 anima
758 1384 815 1449 tlt
833 1385 863 1440 in
884 1401 949 1456 quo
967 1389 1068 1443 rmdio
1085 1404 1142 1458 ego
1160 1389 1218 1445 mi.

60 1540 66 1551 ¹
164 1478 292 1535 rerrime
308 1486 341 1531 et
358 1475 612 1548 periculosissime
629 1491 696 1532 eum
715 1487 851 1534 versatus
861 1503 870 1547 ,
889 1487 920 1533 et
937 1479 1023 1535 multi
1040 1480 1100 1535 alii.

233 1571 307 1627 {deo
320 1580 428 1641 repeto
445 1569 615 1643 iterumque
633 1569 781 1627 monebor
801 1571 973 1645 quicunque
989 1573 1061 1627 uelit
1084 1572 1212 1628 salubri.

164 1672 213 1721 ter
230 1664 271 1721 de
288 1665 359 1720 Deo
379 1665 513 1735 cogitare
530 1673 581 1720 aut
598 1665 767 1738 speculari,
784 1681 911 1739 prorsus
929 1666 1029 1723 omnir
1046 1674 1211 1737 postponat

164 1769 274 1830 prater
298 1759 517 1814 humanitatem
541 1757 666 1815 Christi.
706 1758 793 1816 lianc
819 1771 918 1815 autem
945 1760 992 1815 rel
1016 1748 1208 1828 agentem‘l)

161 1851 211 1907 rel
227 1839 391 1925 patientem
410 1852 468 1909 eibi
484 1852 636 1925 praefiget,
655 1854 756 1911 donec
776 1855 929 1912 dulcescat
948 1855 1010 1925 ejas
1034 1854 1208 1923 benignitas.

106 1961 109 1966 ·
161 1944 252 2001 Turro
272 1945 311 2000 ibi
329 1961 390 2004 neu
405 1946 511 2015 sistat,
538 1949 592 2002 sed
610 1958 748 2018 penetret
766 1966 802 2004 ac
819 1951 949 2020 cogitet:
974 1966 1048 2004 ecce
1065 1965 1125 2003 non
1143 1963 1207 2009 rua·

161 2039 214 2093 sed
236 2037 294 2093 Dei
313 2037 413 2094 Patris
431 2038 586 2093 voluntate
604 2041 670 2095 hac
688 2052 721 2098 et
736 2043 802 2099 haec
821 2045 903 2100 facit.
937 2043 984 2099 Ibi
1007 2043 1129 2116 incipiet
1148 2041 1210 2113 pla.

159 2145 231 2184 cere
248 2130 424 2186 suavissima
442 2131 581 2193 voluntas
598 2132 713 2190 Patris:
731 2151 824 2206 quam
844 2137 874 2190 in
894 2136 1079 2191 humanitate
1093 2135 1209 2190 Christi

160 2225 294 2278 ostendit
329 2224 383 2300 (et
410 2223 439 2276 id
466 2224 565 2294 ipsum
584 2224 647 2294 jam
666 2237 712 2280 ert
728 2227 853 2283 trahere
874 2237 908 2282 et
932 2229 1004 2282 dare
1030 2226 1149 2295 Petris)
1164 2225 1208 2293 t),

157 2314 222 2370 Hac
239 2315 395 2371 voluntate
411 2313 499 2372 Deus
517 2315 608 2375 Pater
625 2334 731 2374 secure
749 2330 852 2391 potest
868 2321 1051 2393 apprehendi
1077 2329 1110 2375 et
1132 2334 1206 2375 cum

156 2407 274 2468 fiducia.

224 2503 286 2558 luta
312 2502 360 2557 via
385 2502 521 2571 neglecta
545 2519 606 2559 non
635 2513 729 2575 restat
755 2504 835 2560 aliud
860 2506 918 2562 uisi
947 2506 1144 2579 praecipitium
1171 2507 1203 2562 in

110 2636 112 2641 ,
156 2604 300 2653 arternum
315 2596 500 2654 barathrum.
535 2596 613 2653 Nam
633 2598 687 2652 alia
703 2600 750 2654 via
767 2616 828 2655 non
845 2601 910 2656 uult
927 2601 1020 2669 adiri,
1038 2601 1202 2669 cognosci,

159 2693 268 2761 amari,
288 2692 368 2748 sicut
385 2692 474 2750 dicits
494 2708 548 2766 eqo
565 2707 633 2747 rum
646 2692 715 2760 ria,
732 2693 848 2750 aarum
864 2701 893 2748 ed
909 2695 991 2751 uita:
1018 2711 1107 2751 neutro
1123 2694 1203 2750 uenit

155 2786 199 2841 ud
212 2787 360 2856 Putrem,
386 2786 449 2842 m‘si
462 2801 520 2856 per
535 2802 595 2842 me.

223 2881 318 2935 Audis
332 2879 500 2936 absolutum
515 2881 709 2937 mutantiam:
727 2882 877 2961 neminem
893 2882 949 2938 nisi
963 2897 1018 2953 per
1030 2883 1198 2944 christum,

152 2976 189 3029 ad
213 2974 336 3030 Patrem
359 2976 473 3030 venire.
511 2976 545 3030 Ie
563 2974 620 3028 hac
639 2977 685 3031 vir
703 2991 866 3032 exercere:
889 2986 921 3031 ct
943 2977 1003 3031 eris
1023 2975 1108 3031 hruvi
1128 2992 1199 3046 pro.

151 3067 274 3123 fundiur
293 3069 455 3138 theologus
477 3069 620 3124 omnibus
644 3070 857 3137 Scholasticis,
882 3070 933 3140 qui
953 3069 1015 3125 hoc
1036 3070 1147 3124 ortium
1165 3079 1198 3122 et

149 3158 229 3214 hanc
246 3162 324 3215 viam
344 3177 404 3216 non
423 3163 521 3217 solum
540 3164 694 3232 ignorant,
718 3164 769 3218 aed
789 3162 852 3218 suis
872 3161 1040 3225 infelicibus
1055 3176 1197 3232 praesum.

149 3253 299 3320 tionibus,
316 3255 401 3308 uelut
418 3257 564 3310 machinis
580 3255 838 3326 speculationum,
855 3252 912 3309 sibi
928 3254 1124 3325 praecludunt.

215 3347 291 3401 Illud
306 3363 402 3403 uero:
421 3365 482 3402 nort
500 3350 624 3417 ejiciam
632 3348 751 3419 sorus,
767 3347 853 3417 Juxta
872 3359 995 3418 tropum
1015 3347 1193 3418 Scripturas,

148 3457 212 3513 qum
243 3456 297 3509 per
322 3442 476 3508 negativus
497 3442 764 3498 uehementissime
790 3440 940 3509 affirmat,
969 3440 1193 3511 intelligendum

147 3547 193 3592 est
220 3538 282 3590 ita:
325 3550 384 3589 non
414 3534 552 3604 ejiciam,
577 3537 631 3592 sed
658 3534 853 3592 libentissima
878 3534 1066 3608 amplectar,
1097 3545 1132 3595 ut
1152 3536 1192 3592 sit

196 3787 224 3840 i)
251 3787 266 3840 J
273 3799 315 3833 en.
340 3793 474 3843 repserunt.
498 3798 505 3805 ’

197 3872 227 3926 g)
257 3864 355 3913 durii
379 3863 555 3911 misericordia.

196 3947 229 3998 h)
256 3946 270 3997 J
278 3958 322 3990 tn·
339 3954 486 4002 sustentem.
501 3942 576 3990 duri
586 3941 605 3992 f.
617 3944 651 3992 ittt
660 3944 732 3996 tert:
749 3947 1051 4006 surrrten,auttttattt
1066 3953 1185 4007 agentern.

196 4024 225 4075 i)
252 4022 599 4081 ten-eriripsumrtr.
