2574 4732
571 312 660 378 1520.
1080 317 1137 384 sot

97 469 166 542 quid
193 487 249 527 nos
276 487 336 525 non
362 485 542 541 queramur,
579 471 688 542 quibus
705 470 735 525 in
758 473 901 529 trecentis
919 474 1001 531 annis
1023 483 1139 532 tantum

95 566 223 620 accessit
239 564 441 635 corruptionis
462 574 493 620 et
513 564 710 635 perditionis?

82 654 88 664 '
164 658 274 714 Nonne
287 674 393 712 rerum
410 668 472 721 est,
492 657 548 712 sub
564 667 650 713 vasto
668 658 727 714 isto
742 660 821 715 coelo
835 659 909 716 nilsil
922 677 988 718 esse
1002 663 1141 726 Romana

97 750 188 806 Curia
214 753 411 822 corruptius,
439 751 644 821 pestilentius,
670 752 826 808 odiosius?
860 754 1142 827 incomparabiliter

96 844 176 899 enim
187 844 360 899 Turcarum
377 845 470 899 vincit
489 845 693 916 impietatem,
710 855 744 901 ut
763 862 884 915 revera,
905 865 969 919 quae
987 853 1059 905 olim
1077 861 1142 908 erat
1173 914 1177 920 ,

92 939 182 1010 janua
203 940 292 1007 coeli,
311 953 390 993 nunc
409 939 448 994 sit
463 947 568 1008 patens
590 941 746 1010 quoddam
761 956 796 997 os
818 941 947 1009 inferni,
966 953 996 998 et
1014 945 1072 999 tale
1088 922 1143 1014 tata,¹

96 1032 178 1104 quod
197 1043 323 1103 urgente
338 1034 380 1088 ira
396 1033 456 1087 Dei
476 1031 593 1088 obstrui
607 1050 667 1088 uon
683 1045 803 1105 potest,
822 1050 883 1090 uno
901 1043 1015 1090 tantum
1033 1038 1140 1094 relicto

95 1127 215 1182 miseris
234 1128 377 1194 consilio,
394 1128 419 1181 si
436 1142 579 1197 queamus
595 1127 709 1199 aliquot
728 1143 743 1181 a
760 1127 900 1184 Romano
919 1129 968 1195 (ut
986 1129 1063 1198 dixi)
1082 1131 1141 1187 islo

96 1219 181 1274 hiatu
199 1237 344 1275 revocare
365 1230 395 1274 et
413 1237 545 1276 servare.

164 1313 265 1383 Ecce,
283 1315 323 1369 mi
339 1313 403 1369 Leo
420 1313 528 1382 Pater,
548 1329 609 1384 quo
626 1316 769 1377 consilio,
788 1332 846 1389 qua
861 1317 978 1373 ratione
997 1319 1027 1372 iu
1039 1319 1141 1375 sedem
1236 1373 1239 1381 ,

97 1408 185 1464 istam
204 1409 375 1479 pestilentiae
400 1407 602 1462 debacchatus
622 1411 688 1465 sim.
725 1409 859 1466 Tantum
882 1414 960 1466 enirn
981 1412 1083 1478 abest,
1108 1421 1143 1470 ut

98 1504 128 1558 in
146 1512 227 1558 tuam
247 1506 407 1574 personam
426 1503 579 1569 saevirem,
605 1515 640 1556 ut
659 1520 811 1573 sperarem
832 1504 922 1559 etiam
943 1507 1067 1574 gratiam
1087 1505 1158 1561 iui.⁴

97 1605 199 1652 turum
222 1613 292 1665 me,
315 1606 346 1652 et
370 1612 425 1666 pro
452 1595 617 1652 tuansalute
637 1603 803 1663 staturum,
829 1597 854 1651 si
875 1614 1028 1652 carcerem
1049 1600 1142 1654 istum

95 1698 198 1758 tuum,
216 1692 277 1746 imo
294 1690 443 1760 infernum
461 1698 546 1744 tuum
562 1700 684 1745 strenue
699 1699 730 1744 et
746 1692 856 1745 acriter
872 1691 1032 1762 pulsarem.
1067 1692 1139 1748 Tibi

96 1786 175 1840 enim
192 1794 309 1855 tuaeque
323 1783 409 1838 saluti
424 1781 592 1854 profuerit,
611 1794 640 1837 et
658 1793 759 1839 tecum
779 1784 880 1838 multis
896 1785 977 1852 aliis,
996 1785 1140 1856 quicquid

94 1879 124 1933 in
144 1879 239 1948 impiae
255 1877 346 1946 hujus
367 1877 463 1931 Curias
483 1878 692 1932 confusionem
709 1876 809 1931 moliri
824 1885 925 1948 potest
941 1880 1076 1933 omnium
1094 1881 1140 1934 in.

26 1993 28 1998 ·
95 1971 251 2038 geniorum
273 1971 412 2040 impetus.
446 1969 550 2024 Tuum
576 1970 707 2031 odicium
735 1971 865 2032 iaciunt,
891 1972 940 2041 qui
968 1971 1039 2027 huic
1061 1973 1141 2028 male

94 2065 227 2120 faciunt:
257 2063 413 2118 Christum
431 2063 615 2132 glorificant,
633 2065 683 2133 qui
703 2079 768 2117 eam
787 2064 927 2119 omnibus
948 2066 1046 2121 modis
1066 2082 1138 2123 exe.

95 2168 231 2214 orantur:
251 2157 405 2223 breviter,
425 2158 586 2214 Christiani
605 2167 689 2226 sunt,
709 2158 759 2228 qui
777 2157 907 2213 Romani
925 2175 986 2214 non
1005 2171 1085 2217 sunt.

126 2278 130 2284 ¹
162 2252 219 2307 Sed
243 2263 276 2306 ut
308 2252 432 2322 atriplius
458 2253 583 2325 loquar,
609 2270 665 2307 nec
692 2253 753 2307 hoc
775 2253 872 2324 ipsum
892 2269 1023 2326 unquam
1046 2271 1138 2325 super

94 2363 151 2403 cor
169 2361 269 2401 meum
291 2347 444 2415 ascendit,
462 2358 495 2402 ut
513 2348 542 2402 in
559 2347 728 2401 Romanam
748 2346 870 2401 Curiam
889 2347 1068 2417 inveherer,
1088 2356 1138 2406 aut

95 2441 255 2511 quicquam
278 2441 314 2495 de
336 2458 369 2495 ea
394 2442 586 2514 disputarem.
629 2441 739 2495 Videns
761 2441 839 2494 enim
858 2441 1015 2511 desperata
1036 2442 1137 2496 omnia

94 2533 198 2588 salutis
222 2535 372 2602 remedia,
399 2537 573 2597 contemni,
603 2544 632 2588 et
659 2535 729 2589 dato
753 2534 869 2604 repudii
892 2534 992 2588 libello
1017 2535 1078 2588 dixi
1100 2535 1137 2589 ad
1237 2524 1241 2531 ἱ

94 2640 175 2680 eam:
195 2625 378 2697 palimedes,
396 2627 551 2680 sordescat
567 2626 680 2689 adsue,
700 2632 728 2678 et
745 2627 798 2698 qui
813 2625 984 2679 bnmundus
1001 2633 1061 2694 ert,
1079 2627 1138 2680 im·

93 2715 223 2771 mundus
240 2717 281 2772 sit
298 2716 411 2771 adauc:
436 2719 557 2772 tradens
577 2734 628 2772 me
651 2718 773 2787 placidis
795 2727 825 2771 et
851 2719 959 2787 quietis
982 2707 1137 2776 sacrarum

93 2812 247 2866 literarum
272 2811 403 2878 studiis,
436 2810 544 2880 quibus
571 2811 747 2880 prodessem
774 2810 917 2865 fratribus
943 2812 1061 2868 circum
1087 2830 1136 2869 me

96 2905 261 2974 agentibus.

163 3000 219 3054 llic
239 2987 308 3053 cum
327 2998 461 3053 nonnihil
480 2999 674 3069 proficerem,
693 2999 808 3070 aperuit
825 2999 932 3055 oculos
949 3016 1021 3057 suos
1039 3001 1136 3071 Satan,

94 3102 125 3150 et
141 3109 263 3160 servum
280 3108 367 3147 suum
383 3091 555 3148 «Iohannem
573 3093 719 3162 Eccium,
737 3094 883 3162 insignem
898 3093 1010 3151 Christi
1031 3098 1137 3152 adver.

95 3189 216 3254 sarium,
236 3187 440 3241 exstimulavit
458 3178 602 3242 indomita
617 3189 719 3257 gloriae
731 3188 868 3252 libidine,
888 3198 922 3244 ut
939 3207 987 3245 me
1003 3192 1138 3247 traheret

96 3282 125 3336 in
143 3281 287 3335 harenam
305 3281 505 3352 insperatam,
523 3292 645 3354 captans
664 3299 713 3338 me
731 3283 760 3337 in
780 3299 840 3337 uuo
859 3285 1004 3354 verbulo,
1024 3286 1059 3341 de
1078 3287 1139 3356 pri.

97 3384 180 3427 matu
203 3373 345 3429 Romanae
367 3373 534 3443 Ecclesiae,
559 3377 632 3431 mihi
660 3375 759 3432 obiter
784 3377 893 3448 elapso·
938 3379 994 3433 Hic
1014 3379 1143 3434 Thraso·

97 3466 146 3521 ille
164 3466 314 3534 gloriosus
331 3485 471 3539 spumans
493 3480 522 3523 et
539 3470 679 3526 frendens
692 3469 841 3539 jactabat,
866 3489 921 3543 pro
946 3473 1038 3541 gloria
1059 3472 1137 3534 Dei,

96 3577 152 3632 pro
168 3561 286 3615 honore
304 3574 412 3618 sauctae
435 3565 517 3619 Sedis
536 3565 720 3636 Apostolicae
738 3567 836 3620 omnia
858 3581 891 3621 se
910 3582 1078 3633 ausurum,
1109 3574 1140 3619 ct

96 3656 133 3710 de
155 3658 204 3709 t'uu
221 3656 336 3711 inflatus
352 3655 499 3714 abutenda
516 3660 573 3715 sibi
593 3668 756 3729 potestate,
775 3659 848 3715 nihil
868 3661 981 3715 certius
998 3670 1141 3730 expecta.

97 3748 150 3803 bat
167 3765 256 3820 quam
279 3748 454 3818 victoriam,
480 3769 541 3807 uon
560 3763 621 3808 tam
640 3750 797 3824 primatum
816 3753 919 3819 Petri,
945 3769 1033 3823 quam
1051 3767 1140 3806 suum

98 3842 295 3913 principatum
310 3843 389 3898 inter
404 3845 566 3917 theologos
582 3847 672 3919 hujus
686 3849 806 3915 saeculi,
825 3862 979 3917 quereus,
998 3845 1033 3898 ad
1050 3861 1141 3916 quem

97 3934 158 3990 nou
182 3953 313 4008 parvum
342 3951 535 3995 momentum
553 3941 668 3997 habere
682 3943 832 4004 ducebat,
853 3942 877 3996 si
896 3939 1068 3995 Lutlierum
1088 3941 1142 3994 dn.

99 4039 181 4084 cerel
214 4029 244 4084 in
268 4031 432 4104 triumpho.
480 4034 573 4108 Quod
602 4035 654 4091 ubi
678 4036 821 4106 sophistae
846 4033 1005 4088 infeliciter
1029 4035 1142 4102 cessit,
