2574 4732
110 326 152 397 ⁴2
589 324 678 389 1516.

110 482 323 558 Spengenburg
345 480 380 538 ad
399 496 453 536 sua
471 479 545 535 »loca
556 520 565 549 ‚
595 498 660 553 quaa
682 481 851 554 petiverunt
862 521 872 551 ,
901 499 938 536 ne
957 482 987 536 in
1005 482 1067 539 boc
1088 492 1156 539 aere

65 626 69 631 .
111 588 266 637 manerent
291 592 396 648 parum
421 575 464 628 eia
491 574 583 629 vitali.
617 575 707 630 Duos
725 575 833 630 retinui
856 575 930 631 alica
945 592 1014 630 cum
1038 577 1156 633 duobus

112 671 354 742 Coloniensibus‚
372 685 503 740 quorum
515 669 661 724 habilitati
671 669 746 723 adeo
762 668 803 723 lui
814 684 1000 741 compassus,
1018 680 1052 723 ut
1065 671 1157 725 etiam

111 783 181 821 cnm
199 767 309 821 damno
327 779 473 835 expresso
490 778 544 817 eoe
561 761 717 818 maluerim
730 763 871 828 retinere,
889 778 978 833 quarn
990 763 1156 818 remittere.

110 859 220 928 Viginti
241 859 301 916 duo
322 858 514 915 sacerdotes,
531 860 563 910 ¹2
575 857 704 926 juvenca
722 863 753 908 et
772 856 801 909 in
816 855 990 911 universam
1006 853 1038 910 dt
1052 871 1158 928 perso.

111 970 156 1007 naa
174 967 213 1006 ex
231 961 344 1007 nostro
355 966 432 1021 penu
451 949 609 1021 plusquam
627 950 818 1021 pauperrimo
838 951 993 1007 victitant:
1020 951 1073 1006 aed
1091 950 1159 1005 Do.

111 1048 211 1109 minua
228 1044 408 1115 providebit.
944 1092 946 1097 .
976 1088 981 1097 .
1079 1090 1081 1095 ,
1151 1087 1155 1094 .

179 1137 310 1204 Scribis,
335 1144 365 1191 tc
383 1134 449 1195 beri
467 1134 653 1204 auspicatum
674 1135 840 1192 secundam
860 1136 1098 1211 Sententiarum:
1129 1147 1159 1193 at

114 1250 170 1300 ego
190 1247 258 1286 cras
277 1228 443 1299 Epistolam
465 1227 500 1281 ad
527 1215 668 1294 Galatas,
687 1244 854 1299 quanquam
872 1242 995 1298 memo,
1014 1240 1046 1285 ut
1066 1232 1159 1303 pestis

112 1324 267 1398 prasentia
294 1321 448 1395 permittat
476 1316 619 1393 proseqiai
645 1331 785 1390 coeptam.
818 1321 868 1397 ‚Ad
896 1339 1080 1393 summum,·
1098 1335 1159 1380 trea

106 1429 162 1473 'eut
187 1418 264 1471 dnos
287 1416 441 1484 (nondum
462 1424 561 1467 tameo
580 1412 702 1482 singulis
719 1413 848 1478 diebus)
871 1416 947 1486 rapit
967 1417 1060 1487 pestis
1082 1418 1177 1487 apud¹

112 1527 188 1568 noa:
218 1520 248 1564 et
270 1508 365 1563 Fabro
387 1507 488 1562 vicino
514 1517 622 1562 nostro
646 1522 685 1561 ex
707 1508 847 1577 opposito
869 1508 936 1564 beri
967 1508 1043 1564 lilius
1070 1526 1161 1566 annua

113 1604 206 1660 hodie
232 1603 367 1675 sepultus
397 1612 463 1670 est,
494 1612 524 1656 et
550 1602 625 1656 aiter
655 1599 785 1655 inlectus
806 1599 899 1670 jacet.
938 1600 1019 1675 Quid
1044 1602 1163 1658 dicam?

113 1713 245 1776 praesens
265 1711 311 1753 est
331 1707 361 1751 et
383 1696 506 1768 incipit,
534 1696 627 1749 cruda
653 1695 725 1750 eatis
749 1703 779 1750 et
802 1695 920 1765 cubita,
946 1696 1112 1765 praesertim
1133 1699 1163 1751 in

116 1803 233 1846 aetatem
263 1790 475 1845 recentiorem.
510 1789 551 1843 Et
577 1791 684 1845 suades
709 1790 782 1848 mibi
808 1801 838 1844 et
864 1790 912 1848 Μ.
938 1790 1163 1846 Bartholomaeo

115 1898 218 1941 tecum
236 1886 337 1957 lugam
359 1882 406 1949 ³).
440 1885 512 1954 Quo
533 1883 665 1951 fugiam?
695 1900 785 1956 spero
802 1884 881 1955 quod
901 1895 1100 1960 non,corrnet
1115 1901 1165 1939 or.

114 1979 183 2047 bis,
214 1991 320 2035 ruente
342 1979 435 2031 tratre
460 1976 610 2038 Martino.
649 1976 767 2034 Fratres
786 1978 927 2047 quidem,
956 1980 980 2033 si
999 1979 1164 2050 profecerit

116 2073 228 2144 pestis,
254 2072 421 2139 dispergam
440 2069 470 2122 in
491 2084 613 2123 omnem
632 2077 759 2125 terram:
786 2087 841 2138 ego
864 2087 931 2126 auin
953 2073 1067 2141 positus
1086 2072 1164 2142 huc,

117 2182 173 2236 per
186 2162 385 2229 obedientiam
400 2162 503 2229 lugere
516 2161 591 2217 mihi
605 2178 665 2219 non
679 2162 768 2231 licet,
786 2163 883 2218 donec
897 2163 1082 2235 obedientia,
1101 2183 1166 2238 quae

112 2258 220 2327 jussit,
237 2257 350 2333 iterum
364 2254 481 2324 jubeat.
517 2254 589 2311 Non
609 2254 690 2335 qaod
708 2244 773 2308 non.
789 2256 909 2309 timeam
930 2265 1060 2332 mortem
1083 2253 1166 2325 (non

117 2351 196 2408 enim
219 2364 286 2410 aum
315 2347 479 2420 Apostolus
500 2345 620 2423 ‘Paulus
639 2387 663 2416 ,.
679 2348 732 2403 aed
759 2359 873 2403 tantum
897 2348 996 2405 lector
1026 2350 1167 2421 Apostoli

114 2443 242 2509 Pauli),
260 2442 313 2497 aed
328 2457 436 2512 spero,
464 2441 615 2506 Dominus
634 2450 721 2497 eruet
738 2458 787 2501 me
808 2458 824 2495 a
843 2443 952 2498 timore
974 2459 1054 2499 meo.

186 2537 310 2607 Scripsit
325 2534 399 2610 milri
418 2535 455 2589 R.
471 2534 506 2590 P.
522 2533 570 2590 M.
587 2533 744 2589 dohattnes
762 2535 942 2601 Husd'ensis,
965 2535 1056 2593 Prior
1073 2537 1168 2595 Colo.

117 2630 229 2696 niensis
237 2669 254 2699 ,A
265 2629 388 2686 Patrem
405 2627 453 2683 M.
472 2629 684 2705 Spengenburg
699 2645 770 2685 cam
789 2645 893 2698 magna
909 2630 1004 2700 gloria
1020 2640 1050 2686 et
1069 2632 1167 2688 chari.

118 2736 182 2781 tate
209 2734 384 2796 susceptum
410 2739 427 2776 a
457 2721 733 2779 Dordracienaibua
758 2723 893 2787 civibus,
924 2736 1166 2798 conventumque

43 2830 45 2836 '
119 2819 207 2875 brevi
226 2819 360 2877 latorum
381 2817 497 2872 ceteris
519 2816 725 2885 insigniorem,
758 2815 849 2872 Prior
864 2826 911 2873 est
927 2819 1038 2875 ibidem
1053 2818 1168 2883 Lector

119 2913 268 2971 Henricus
281 2954 290 2985 ‚
305 2921 410 2968 noster
431 2912 503 2968 olim
521 2906 577 2981 (ut
596 2911 636 2968 illi
657 2912 783 2977 dicunt)
804 2912 998 2984 constudens,
1017 2924 1102 2969 antea
1120 2929 1167 2973 se.

122 3010 283 3064 enodatius
310 3007 510 3065 Coloniensi&
549 2998 666 3064 Lector
689 3003 826 3074 Phagiua
852 3004 978 3076 scribit,
1006 3005 1167 3063 Reuchlini

121 3119 242 3162 causam
257 3116 402 3174 prospere
422 3099 535 3157 habere
546 3139 556 3168 ,
567 3109 607 3155 fet
624 3097 700 3153 mire
714 3096 816 3168 gestit.
831 3097 885 3172 ¹De
899 3098 1093 3173 Praeceptora
1114 3116 1169 3161 sea

121 3194 358 3264 Licentiatorio,
386 3208 462 3263 rogo
482 3191 623 3264 Sibyllam
644 3207 763 3264 quoque
785 3191 877 3249 simul·
893 3193 995 3250 mitte:
1024 3195 1080 3249 ieta
1098 3194 1169 3259 lolia

121 3305 181 3347 non
198 3303 322 3359 possum
343 3287 462 3355 legere,
481 3285 553 3357 quid
569 3294 698 3349 teneant.
735 3284 833 3343 Saluta
853 3286 1025 3370 salutandos
1044 3303 1168 3343 omneat

122 3393 152 3436 et
168 3380 309 3437 Patribus
333 3378 490 3449 Magistria
511 3378 757 3444 modoacribere
779 3396 838 3451 non
863 3396 1008 3452 porcum,
1038 3380 1170 3442 scribam

123 3475 208 3530 alias:
229 3473 294 3543 lege
314 3473 340 3529 ei
356 3472 432 3542 hat,
449 3475 475 3530 ai
493 3473 556 3542 via,
580 3474 695 3551 literas,

189 3567 339 3635 Magister
357 3568 556 3623 Wenceslaua
582 3575 626 3624 eat
645 3567 800 3624 absolutus
821 3576 851 3624 et
870 3569 1070 3625 concionator
1096 3566 1187 3639 Mo.

122 3663 276 3719 pacensis:
294 3661 430 3716 similiter
450 3673 479 3716 et
497 3661 615 3717 Baccal.
636 3659 823 3717 Fladenatcin
846 3677 876 3715 ιιι
893 3659 1062 3717 Culmbach
1082 3660 1172 3716 abac.

123 3758 215 3813 lutus.
247 3757 284 3812 In
310 3772 387 3811 nova
416 3755 543 3811 Civitate
569 3754 673 3811 Frater
701 3754 837 3812 Michacl
864 3764 911 3810 est
935 3755 1108 3823 absolutus,
1141 3764 1172 3811 et

123 3851 228 3911 Frater
255 3850 403 3907 lleoricns
424 3849 566 3906 Znetaen
583 3848 685 3906 Prior.
722 3850 778 3906 Sed
800 3849 863 3917 leci
888 3848 951 3904 hoc
970 3850 1038 3906 ideo
1050 3888 1061 3919 ,
1089 3848 1172 3920 quod

178 4056 210 4107 a)
234 4049 335 4098 ilarii.
354 4046 504 4098 ttrmtttlttt:
526 4050 555 4094 ad
571 4056 594 4094 te
610 4047 758 4107 confugiam.
825 4085 829 4095 .
