2574 4732
265 472 402 531 Secundo
428 473 466 528 de
489 470 600 527 virtute
633 470 899 543 indulgentiarum,
929 482 1073 545 quantum
1099 477 1229 533 valeant.

184 567 256 635 Hac
276 582 326 624 res
347 567 377 621 in
398 565 489 621 dubio
509 562 607 619 adhuc
625 566 750 635 pendet,
769 574 800 622 et
817 583 884 622 mea
902 568 1061 641 disputatio
1079 568 1158 624 inter
1180 585 1229 623 ca.

182 662 311 719 lomuias
341 658 486 716 fluctuet:
516 661 576 716 duo
600 666 701 717 umen
730 660 844 716 dicam:
875 662 1006 731 primum
1032 660 1088 716 tibi
1112 662 1169 718 soli
1200 674 1231 716 et

111 825 113 828 Α
184 755 288 816 amicis
312 754 442 822 nostris,
468 755 566 810 donec
591 769 642 816 res
668 753 857 827 publicetur:
883 754 957 810 mihi
986 755 1016 811 in
1037 754 1228 824 indulgentiis

182 847 276 911 hodie
296 847 392 903 videri
417 863 479 903 nou
501 862 567 903 esse
591 846 647 907 nisi
678 848 843 905 animarum
872 848 1066 920 illusionem,
1096 857 1127 903 et
1153 848 1229 906 nihil

183 958 310 1014 prorsus
332 943 421 1005 utiles
437 957 521 1009 esse,
538 940 594 1002 nisi
616 943 812 1007 stertentibus
832 951 864 997 et
881 944 973 1014 pigris
992 944 1022 999 in
1040 943 1089 998 via
1105 941 1229 998 Christi.

184 1034 251 1105 Etsi
273 1037 351 1096 hanc
376 1035 553 1101 senteutiam
566 1050 627 1089 nou
646 1043 730 1090 tenet
747 1045 852 1091 noster
872 1036 1092 1105 Carolstadius3
1111 1046 1231 1100 certum

185 1140 233 1186 est
252 1140 352 1192 tamen
369 1128 459 1189 mihi.
487 1127 570 1198 quud
586 1141 636 1182 ens
651 1127 724 1182 nibil
741 1127 834 1183 ducit.
867 1128 948 1184 Nam
970 1130 1061 1201 hujus
1083 1131 1231 1186 illusionis

183 1223 374 1291 sustollenda
394 1220 504 1289 gratia.
528 1236 585 1289 ego
609 1220 745 1276 veritatis
760 1238 862 1278 amore
876 1223 907 1279 in
932 1239 1001 1278 eum
1021 1225 1229 1297 disputationis

183 1315 389 1389 periculosum
414 1312 616 1384 labyrinthum
639 1314 706 1372 dedi
726 1330 775 1373 me
791 1315 907 1387 ipsum,
929 1326 962 1371 et
980 1320 1109 1374 excitavi
1128 1321 1158 1374 in
1179 1335 1229 1373 me

181 1418 347 1473 sexcentos
373 1407 586 1478 Minotaurus,
614 1409 674 1464 imo
697 1418 728 1466 et
747 1408 1084 1473 Rhadamanthotanros
1112 1424 1144 1467 et
1172 1412 1229 1466 Ca.

126 1493 128 1498 ⁸
182 1512 338 1577 potauros.
414 1552 417 1560 .

252 1597 442 1673 Secundum,
466 1596 497 1653 io
515 1613 576 1670 quo
600 1614 662 1652 non
687 1605 734 1659 est
753 1591 892 1664 dubium,
916 1598 998 1669 qnod
1024 1606 1055 1652 et
1085 1598 1141 1669 ipsi
1166 1597 1227 1654 mei

182 1692 345 1757 aduersarii
372 1702 522 1761 coguntur
542 1692 629 1747 interi
657 1700 688 1748 et
714 1700 778 1745 tota
802 1690 956 1758 Ecclesia,
982 1690 1120 1760 scilicet,
1145 1691 1229 1762 quod

182 1788 373 1857 eleemosyna
385 1796 416 1843 et
433 1786 594 1843 subventio
608 1787 738 1859 proximi
756 1785 1030 1856 incomparabiliter
1045 1786 1153 1841 melior
1171 1795 1228 1854 est,

182 1898 273 1955 qnam
296 1881 493 1951 indulgentia.
536 1881 609 1939 Ideo
632 1881 685 1937 tibi
706 1881 745 1936 sit
768 1880 956 1948 consultum,
983 1890 1018 1935 ut
1036 1880 1131 1937 nullas
1151 1879 1241 1942 redi..

183 1990 248 2030 mas
267 1973 481 2043 indulgentius,
509 1974 607 2046 donec
626 1974 758 2030 invenias
776 1991 924 2048 pauperes
941 1984 972 2029 et
998 1991 1110 2043 egenos
1125 1973 1230 2046 proxi.

182 2083 270 2136 mos,
300 2068 408 2139 quibus
434 2066 547 2129 dones.
579 2068 661 2136 quud
684 2083 740 2138 pro
764 2069 954 2137 indulgentiis
981 2070 1095 2124 donare
1124 2068 1229 2123 velles.

181 2161 212 2219 Si
237 2176 327 2231 secus
352 2161 471 2229 egeris:
500 2177 556 2230 ego
575 2177 643 2223 sum
662 2171 842 2227 excusatus,
866 2170 900 2217 tu
919 2161 1039 2216 rideris.
1076 2153 1157 2217 'Non
1175 2163 1231 2216 du.

181 2253 265 2321 bito,
293 2254 363 2324 quin
392 2254 467 2315 iram
494 2265 670 2322 mereatur,
700 2255 750 2324 qui
773 2254 881 2314 relicto
909 2270 1004 2322 egeno
1032 2255 1231 2323 indulgentias

181 2346 312 2402 redimit.
348 2346 405 2400 Sed
426 2345 511 2417 pluro
527 2346 599 2401 Deo
615 2347 737 2401 volente
755 2345 889 2409 ridebis,
912 2347 964 2402 ubi
983 2357 1155 2402 nostrarum
1175 2365 1232 2418 po.

182 2442 326 2496 sitionum
344 2439 538 2513 probationes
553 2437 687 2496 edidero.
723 2441 769 2496 Its
787 2441 867 2497 enim
886 2457 936 2496 ms
956 2451 1068 2510 cogunt
1088 2441 1230 2496 homines

182 2535 223 2595 illi
248 2536 310 2606 ipsa
341 2534 479 2590 rudiores
498 2516 645 2604 ruditate,
678 2535 778 2607 quiin
798 2534 938 2597 omnibns
958 2535 1156 2591 concionibus
1179 2553 1230 2590 me

16 2656 19 2668 ι
88 2671 93 2688 ,
182 2630 358 2689 haereticum
377 2629 524 2706 clamant:
549 2627 620 2701 quin
639 2645 677 2684 eu
696 2629 799 2684 furunt
814 2646 927 2701 usque.
947 2639 981 2686 ut
997 2621 1252 2692 Universitatetn,

182 2707 492 2793 Witmmbergensem
516 2732 642 2796 propter
667 2741 716 2780 me
736 2725 878 2782 infamem
902 2734 1050 2794 conentur
1077 2725 1177 2780 lacere
1198 2734 1232 2786 et

182 2817 367 2882 haereticam.
401 2815 469 2891 Ego
485 2817 583 2874 multo
599 2818 725 2888 amplius
742 2817 869 2887 laboro,
887 2820 1042 2891 quomodo
1060 2835 1110 2873 me
1131 2820 1232 2889 ipsum

184 2913 361 2981 cohibeam,
378 2928 416 2968 ue
434 2913 502 2969 illos
519 2922 729 2990 contemnem,
752 2923 783 2968 et
800 2914 845 2972 sic
863 2930 988 2984 peccem
1008 2914 1038 2968 in
1055 2910 1232 2989 Christum,

184 3024 275 3079 quam
296 3008 451 3080 quomodo
471 3024 524 3066 eos
544 3009 738 3079 triumphem.
753 3009 755 3013 ’
772 3008 859 3069 Adeo
883 3009 963 3063 enim
980 3017 1049 3063 sunt
1067 3008 1152 3063 vacui
1171 3006 1230 3061 hu.

175 3088 339 3157 ¹manarum
363 3111 394 3156 et
413 3101 580 3162 divinarum
608 3101 784 3168 literarum,
809 3109 844 3157 ut
862 3102 1019 3158 dedecoris
1040 3103 1079 3157 sit
1101 3119 1154 3164 res.
1168 3103 1232 3172 ple.

182 3194 323 3279 pissima,
349 3210 419 3249 cum
444 3194 503 3250 illis
527 3204 661 3265 certare:
695 3205 784 3266 atque
811 3210 844 3250 ea
867 3195 929 3266 ipsa
949 3206 1049 3250 temen
1065 3196 1232 3266 ignorantia

184 3288 392 3344 incredibilem
412 3287 470 3345 illis
491 3290 568 3360 parit
588 3289 762 3353 audaciam,
789 3298 819 3344 et
842 3289 1001 3360 plusquam
1021 3306 1128 3356 aeream
1147 3291 1232 3344 lron.

184 3390 257 3437 tem.
292 3382 370 3438 Solis
392 3391 491 3436 autem
508 3399 631 3439 suarum
647 3383 798 3440 larvarum
816 3390 848 3438 et
862 3382 1012 3437 lemurum
1030 3393 1100 3439 sunt
1114 3365 1246 3443 umbris.

183 3477 327 3544 animosi,
353 3475 462 3548 quibus
484 3475 558 3534 adeo
584 3476 655 3533 sdnt
680 3476 804 3544 relecti,
837 3486 888 3545 et,
916 3485 950 3531 ut
975 3493 1083 3538 eorum
1107 3493 1229 3547 ‹puoque

182 3587 271 3636 auore
290 3570 447 3631 studeam,
467 3570 671 3640 inessentiati:
695 3580 730 3627 nt
752 3570 969 3641 desperandum
986 3585 1111 3643 prorsus
1133 3571 1172 3625 sit
1193 3572 1230 3625 dc

184 3682 292 3732 eorum
310 3666 513 3734 correctione.
548 3665 648 3727 Unum
667 3664 740 3721 illud
760 3671 791 3736 te
813 3679 903 3720 nosse
922 3664 1010 3732 volo,
1036 3664 1118 3734 quod
1138 3664 1232 3720 vehe-

184 3771 305 3816 menter
323 3760 424 3830 doleo,
443 3757 599 3815 videlicet:
618 3759 659 3814 illi
673 3759 727 3829 ipsi
744 3759 855 3815 rabulae
872 3769 903 3814 et
920 3758 1007 3814 multi
1021 3759 1073 3816 alii
1088 3773 1158 3813 cnm
1174 3759 1232 3813 illis

183 3871 263 3917 nova
291 3854 429 3910 machina
457 3854 595 3910 instructi
621 3854 734 3927 ubique
760 3854 921 3924 garriunt,
955 3853 1106 3933 Principis
1133 3853 1229 3907 nostri

184 3949 375 4007 illustrissimi
392 3965 457 4005 esse
472 3958 592 4018 tutum,
611 3951 691 4021 quod
706 3965 762 4020 ego
778 3966 851 4019 ugo,
877 3957 1020 4018 tunquam
1039 3947 1177 4001 inductus
1193 3946 1230 3998 ab

183 4061 221 4101 eo
250 4045 286 4100 ad
311 4045 451 4120 invidiam
479 4043 710 4119 Archispiscopi
731 4027 1013 4116 Magdeburgensis·
1056 4043 1105 4100 'ru
1127 4056 1228 4117 quaeso
