<?xml version="1.0" encoding="UTF-8"?>
<!DOCTYPE html PUBLIC "-//W3C//DTD XHTML 1.0 Transitional//EN"
    "http://www.w3.org/TR/xhtml1/DTD/xhtml1-transitional.dtd">
<html xmlns="http://www.w3.org/1999/xhtml" xml:lang="en" lang="en">
 <head>
  <title>
</title>
<meta http-equiv="Content-Type" content="text/html;charset=utf-8" />
  <meta name='ocr-system' content='tesseract 3.04.00' />
  <meta name='ocr-capabilities' content='ocr_page ocr_carea ocr_par ocr_line ocrx_word'/>
</head>
<body>
  <div class='ocr_page' id='page_1' title='image "./briefesendschre04luthgoog/briefesendschre04luthgoog_0109.png"; bbox 0 0 2574 4732; ppageno 0'>
   <div class='ocr_carea' id='block_1_1' title="bbox 170 315 808 392">
    <p class='ocr_par' dir='ltr' id='par_1_1' title="bbox 170 315 808 392">
     <span class='ocr_line' id='line_1_1' title="bbox 170 315 808 392; baseline -0.003 0"><span class='ocrx_word' id='word_1_1' title='bbox 170 322 212 392; x_wconf 78' lang='lat' dir='ltr'>m</span> <span class='ocrx_word' id='word_1_2' title='bbox 265 369 269 375; x_wconf 89' lang='lat'><em>-</em></span> <span class='ocrx_word' id='word_1_3' title='bbox 646 319 734 390; x_wconf 76' lang='lat'><strong>1517.</strong></span> <span class='ocrx_word' id='word_1_4' title='bbox 802 315 808 324; x_wconf 81' lang='grc'>’</span> 
     </span>
    </p>
   </div>
   <div class='ocr_carea' id='block_1_2' title="bbox 171 419 1207 622">
    <p class='ocr_par' dir='ltr' id='par_1_2' title="bbox 171 419 1207 622">
     <span class='ocr_line' id='line_1_2' title="bbox 171 419 1207 535; baseline 0.008 -8"><span class='ocrx_word' id='word_1_5' title='bbox 171 419 291 532; x_wconf 62' lang='lat' dir='ltr'>niueum</span> <span class='ocrx_word' id='word_1_6' title='bbox 310 477 408 531; x_wconf 72' lang='lat' dir='ltr'>sertem</span> <span class='ocrx_word' id='word_1_7' title='bbox 426 474 503 525; x_wconf 81' lang='lat' dir='ltr'>tutan</span> <span class='ocrx_word' id='word_1_8' title='bbox 521 484 546 525; x_wconf 84' lang='lat' dir='ltr'>rr</span> <span class='ocrx_word' id='word_1_9' title='bbox 564 476 600 525; x_wconf 80' lang='lat' dir='ltr'>tta</span> <span class='ocrx_word' id='word_1_10' title='bbox 615 474 696 532; x_wconf 75' lang='lat' dir='ltr'>ente</span> <span class='ocrx_word' id='word_1_11' title='bbox 706 475 834 535; x_wconf 67' lang='lat' dir='ltr'>arentur</span> <span class='ocrx_word' id='word_1_12' title='bbox 846 476 872 527; x_wconf 78' lang='lat' dir='ltr'>it</span> <span class='ocrx_word' id='word_1_13' title='bbox 883 477 919 526; x_wconf 82' lang='lat' dir='ltr'>ur</span> <span class='ocrx_word' id='word_1_14' title='bbox 936 477 1012 530; x_wconf 61' lang='lat' dir='ltr'>&amp;nt</span> <span class='ocrx_word' id='word_1_15' title='bbox 1029 479 1069 530; x_wconf 80' lang='lat' dir='ltr'>etr</span> <span class='ocrx_word' id='word_1_16' title='bbox 1083 478 1207 535; x_wconf 66' lang='lat' dir='ltr'>matrim</span> 
     </span>
     <span class='ocr_line' id='line_1_3' title="bbox 173 566 991 622; baseline -0.016 0"><span class='ocrx_word' id='word_1_17' title='bbox 173 566 308 622; x_wconf 58' lang='lat' dir='ltr'>mittunt,</span> <span class='ocrx_word' id='word_1_18' title='bbox 989 604 991 609; x_wconf 16' lang='grc' dir='ltr'><em>Α</em></span> 
     </span>
    </p>
   </div>
   <div class='ocr_carea' id='block_1_3' title="bbox 621 675 760 696">
    <p class='ocr_par' dir='ltr' id='par_1_3' title="bbox 621 675 760 696">
     <span class='ocr_line' id='line_1_4' title="bbox 621 675 760 696; baseline 0.022 -3"><span class='ocrx_word' id='word_1_19' title='bbox 621 675 760 696; x_wconf 54' lang='lat' dir='ltr'><em>m</em></span> 
     </span>
    </p>
   </div>
   <div class='ocr_carea' id='block_1_4' title="bbox 172 706 1211 815">
    <p class='ocr_par' dir='ltr' id='par_1_4' title="bbox 172 706 1211 815">
     <span class='ocr_line' id='line_1_5' title="bbox 172 706 1211 815; baseline 0.002 -15"><span class='ocrx_word' id='word_1_20' title='bbox 172 753 224 807; x_wconf 64' lang='lat' dir='ltr'>titt</span> <span class='ocrx_word' id='word_1_21' title='bbox 240 750 413 800; x_wconf 74' lang='lat' dir='ltr'>Antisaber</span> <span class='ocrx_word' id='word_1_22' title='bbox 426 750 446 799; x_wconf 88' lang='lat'>1.</span> <span class='ocrx_word' id='word_1_23' title='bbox 460 749 500 798; x_wconf 66' lang='lat'>10⁰.</span> <span class='ocrx_word' id='word_1_24' title='bbox 512 751 535 797; x_wconf 85' lang='lat' dir='ltr'>b.</span> <span class='ocrx_word' id='word_1_25' title='bbox 566 706 686 802; x_wconf 72' lang='lat' dir='ltr'>sitnrr</span> <span class='ocrx_word' id='word_1_26' title='bbox 699 711 786 798; x_wconf 40' lang='lat' dir='ltr'>lists.</span> <span class='ocrx_word' id='word_1_27' title='bbox 814 749 911 803; x_wconf 58' lang='lat' dir='ltr'>mettid</span> <span class='ocrx_word' id='word_1_28' title='bbox 925 749 965 815; x_wconf 72' lang='lat' dir='ltr'>itt</span> <span class='ocrx_word' id='word_1_29' title='bbox 979 748 1078 815; x_wconf 72' lang='lat' dir='ltr'>mtto</span> <span class='ocrx_word' id='word_1_30' title='bbox 1092 753 1146 800; x_wconf 78' lang='lat' dir='ltr'>XV·</span> <span class='ocrx_word' id='word_1_31' title='bbox 1160 754 1211 802; x_wconf 67' lang='lat' dir='ltr'>tit·</span> 
     </span>
    </p>
   </div>
   <div class='ocr_carea' id='block_1_5' title="bbox 172 901 1213 983">
    <p class='ocr_par' dir='ltr' id='par_1_5' title="bbox 172 901 1213 983">
     <span class='ocr_line' id='line_1_6' title="bbox 172 901 1213 983; baseline -0.006 -19"><span class='ocrx_word' id='word_1_32' title='bbox 172 907 300 983; x_wconf 76' lang='lat' dir='ltr'>Intepro</span> <span class='ocrx_word' id='word_1_33' title='bbox 318 911 347 961; x_wconf 84' lang='lat' dir='ltr'>et</span> <span class='ocrx_word' id='word_1_34' title='bbox 362 905 488 961; x_wconf 76' lang='lat' dir='ltr'>sincere</span> <span class='ocrx_word' id='word_1_35' title='bbox 504 902 662 980; x_wconf 77' lang='lat' dir='ltr'>reliqr&#39;oru&#39;s</span> <span class='ocrx_word' id='word_1_36' title='bbox 687 901 783 964; x_wconf 80' lang='lat' dir='ltr'>Viro,</span> <span class='ocrx_word' id='word_1_37' title='bbox 804 902 942 961; x_wconf 75' lang='lat' dir='ltr'>Johnnrrr&#39;</span> <span class='ocrx_word' id='word_1_38' title='bbox 960 901 1090 979; x_wconf 73' lang='lat' dir='ltr'>lorsqu,</span> <span class='ocrx_word' id='word_1_39' title='bbox 1114 919 1213 961; x_wconf 79' lang='lat' dir='ltr'>sncrae</span> 
     </span>
    </p>
   </div>
   <div class='ocr_carea' id='block_1_6' title="bbox 246 995 1213 1167">
    <p class='ocr_par' dir='ltr' id='par_1_6' title="bbox 246 995 1213 1167">
     <span class='ocr_line' id='line_1_7' title="bbox 247 995 1213 1074; baseline 0 -17"><span class='ocrx_word' id='word_1_40' title='bbox 247 998 418 1074; x_wconf 75' lang='lat' dir='ltr'>Theuloqr&#39;oe</span> <span class='ocrx_word' id='word_1_41' title='bbox 438 998 620 1060; x_wconf 73' lang='lat' dir='ltr'>dicentium,</span> <span class='ocrx_word' id='word_1_42' title='bbox 639 996 785 1053; x_wconf 71' lang='grc' dir='ltr'>Ενιυιίεω</span> <span class='ocrx_word' id='word_1_43' title='bbox 801 1001 934 1074; x_wconf 75' lang='lat' dir='ltr'>Auqusr.</span> <span class='ocrx_word' id='word_1_44' title='bbox 950 995 1087 1069; x_wconf 79' lang='lat' dir='ltr'>Erfurd.</span> <span class='ocrx_word' id='word_1_45' title='bbox 1106 996 1163 1056; x_wconf 82' lang='lat' dir='ltr'>aidi</span> <span class='ocrx_word' id='word_1_46' title='bbox 1180 999 1213 1057; x_wconf 78' lang='lat' dir='ltr'>in</span> 
     </span>
     <span class='ocr_line' id='line_1_8' title="bbox 246 1090 611 1167; baseline 0 -19"><span class='ocrx_word' id='word_1_47' title='bbox 246 1093 366 1167; x_wconf 64' lang='lat' dir='ltr'>Quieto</span> <span class='ocrx_word' id='word_1_48' title='bbox 388 1090 611 1164; x_wconf 76' lang='lat' dir='ltr'>amantissimo.</span> 
     </span>
    </p>
   </div>
   <div class='ocr_carea' id='block_1_7' title="bbox 608 1236 780 1296">
    <p class='ocr_par' dir='ltr' id='par_1_7' title="bbox 608 1236 780 1296">
     <span class='ocr_line' id='line_1_9' title="bbox 608 1236 780 1296; baseline 0.012 -2"><span class='ocrx_word' id='word_1_49' title='bbox 608 1236 780 1296; x_wconf 69' lang='lat' dir='ltr'>Jesun</span> 
     </span>
    </p>
   </div>
   <div class='ocr_carea' id='block_1_8' title="bbox 136 1374 1230 3910">
    <p class='ocr_par' dir='ltr' id='par_1_8' title="bbox 173 1374 1223 2315">
     <span class='ocr_line' id='line_1_10' title="bbox 176 1374 1219 1473; baseline 0 -11"><span class='ocrx_word' id='word_1_50' title='bbox 176 1374 316 1462; x_wconf 80' lang='lat' dir='ltr'>Salutem</span> <span class='ocrx_word' id='word_1_51' title='bbox 329 1404 359 1459; x_wconf 93' lang='lat' dir='ltr'>in</span> <span class='ocrx_word' id='word_1_52' title='bbox 375 1401 511 1468; x_wconf 73' lang='lat' dir='ltr'>christoP</span> <span class='ocrx_word' id='word_1_53' title='bbox 545 1400 629 1463; x_wconf 84' lang='lat' dir='ltr'>Ecce</span> <span class='ocrx_word' id='word_1_54' title='bbox 643 1399 698 1457; x_wconf 83' lang='lat' dir='ltr'>aiis</span> <span class='ocrx_word' id='word_1_55' title='bbox 714 1400 812 1456; x_wconf 88' lang='lat' dir='ltr'>denno</span> <span class='ocrx_word' id='word_1_56' title='bbox 833 1402 983 1473; x_wconf 72' lang='lat' dir='ltr'>paradoxo</span> <span class='ocrx_word' id='word_1_57' title='bbox 1002 1405 1104 1471; x_wconf 82' lang='lat' dir='ltr'>mitto,</span> <span class='ocrx_word' id='word_1_58' title='bbox 1132 1422 1219 1471; x_wconf 62' lang='lat' dir='ltr'>rere»</span> 
     </span>
     <span class='ocr_line' id='line_1_11' title="bbox 176 1492 1218 1570; baseline 0 -16"><span class='ocrx_word' id='word_1_59' title='bbox 176 1499 351 1555; x_wconf 81' lang='lat' dir='ltr'>rendissirue</span> <span class='ocrx_word' id='word_1_60' title='bbox 379 1497 471 1554; x_wconf 81' lang='lat' dir='ltr'>Peter</span> <span class='ocrx_word' id='word_1_61' title='bbox 493 1496 532 1550; x_wconf 87' lang='lat' dir='ltr'>nti</span> <span class='ocrx_word' id='word_1_62' title='bbox 552 1496 582 1550; x_wconf 90' lang='lat' dir='ltr'>in</span> <span class='ocrx_word' id='word_1_63' title='bbox 609 1492 744 1550; x_wconf 81' lang='lat' dir='ltr'>Christo.</span> <span class='ocrx_word' id='word_1_64' title='bbox 789 1493 881 1570; x_wconf 77' lang='lat' dir='ltr'>Quod</span> <span class='ocrx_word' id='word_1_65' title='bbox 905 1497 931 1551; x_wconf 86' lang='lat' dir='ltr'>si</span> <span class='ocrx_word' id='word_1_66' title='bbox 952 1497 1042 1553; x_wconf 85' lang='lat' dir='ltr'>atinrn</span> <span class='ocrx_word' id='word_1_67' title='bbox 1058 1499 1088 1553; x_wconf 92' lang='lat' dir='ltr'>iu</span> <span class='ocrx_word' id='word_1_68' title='bbox 1107 1497 1155 1554; x_wconf 88' lang='lat' dir='ltr'>his</span> <span class='ocrx_word' id='word_1_69' title='bbox 1172 1500 1218 1554; x_wconf 90' lang='lat' dir='ltr'>tui</span> 
     </span>
     <span class='ocr_line' id='line_1_12' title="bbox 175 1588 1217 1663; baseline -0.003 -14"><span class='ocrx_word' id='word_1_70' title='bbox 175 1593 311 1663; x_wconf 79' lang='lat' dir='ltr'><strong>theologi</strong></span> <span class='ocrx_word' id='word_1_71' title='bbox 344 1592 563 1658; x_wconf 80' lang='lat' dir='ltr'>offendentur,</span> <span class='ocrx_word' id='word_1_72' title='bbox 596 1597 626 1643; x_wconf 86' lang='lat' dir='ltr'>et</span> <span class='ocrx_word' id='word_1_73' title='bbox 654 1588 785 1651; x_wconf 80' lang='lat' dir='ltr'>dixerint</span> <span class='ocrx_word' id='word_1_74' title='bbox 825 1589 939 1657; x_wconf 69' lang='lat' dir='ltr'>(sicut</span> <span class='ocrx_word' id='word_1_75' title='bbox 955 1592 1064 1662; x_wconf 77' lang='lat' dir='ltr'>passim</span> <span class='ocrx_word' id='word_1_76' title='bbox 1100 1593 1137 1647; x_wconf 91' lang='lat' dir='ltr'>de</span> <span class='ocrx_word' id='word_1_77' title='bbox 1167 1608 1217 1656; x_wconf 82' lang='lat' dir='ltr'>me</span> 
     </span>
     <span class='ocr_line' id='line_1_13' title="bbox 178 1682 1218 1756; baseline -0.004 -12"><span class='ocrx_word' id='word_1_78' title='bbox 178 1704 283 1744; x_wconf 87' lang='lat' dir='ltr'>omnes</span> <span class='ocrx_word' id='word_1_79' title='bbox 308 1687 496 1752; x_wconf 78' lang='lat' dir='ltr'>locuuntur&gt;</span> <span class='ocrx_word' id='word_1_80' title='bbox 523 1699 571 1739; x_wconf 87' lang='lat' dir='ltr'>me</span> <span class='ocrx_word' id='word_1_81' title='bbox 594 1682 681 1738; x_wconf 87' lang='lat' dir='ltr'>nimis</span> <span class='ocrx_word' id='word_1_82' title='bbox 700 1693 813 1737; x_wconf 86' lang='lat' dir='ltr'>temere</span> <span class='ocrx_word' id='word_1_83' title='bbox 828 1682 1016 1754; x_wconf 86' lang='lat' dir='ltr'>superbeque</span> <span class='ocrx_word' id='word_1_84' title='bbox 1033 1685 1218 1756; x_wconf 80' lang='lat' dir='ltr'>praecipitere</span> 
     </span>
     <span class='ocr_line' id='line_1_14' title="bbox 173 1777 1221 1853; baseline -0.004 -17"><span class='ocrx_word' id='word_1_85' title='bbox 173 1781 321 1853; x_wconf 87' lang='lat' dir='ltr'>judicium</span> <span class='ocrx_word' id='word_1_86' title='bbox 338 1781 538 1849; x_wconf 77' lang='lat' dir='ltr'><strong>damnareque</strong></span> <span class='ocrx_word' id='word_1_87' title='bbox 560 1777 667 1831; x_wconf 78' lang='lat' dir='ltr'>atienae</span> <span class='ocrx_word' id='word_1_88' title='bbox 683 1778 861 1841; x_wconf 71' lang='lat' dir='ltr'>sententiare</span> <span class='ocrx_word' id='word_1_89' title='bbox 881 1779 1048 1850; x_wconf 72' lang='lat' dir='ltr'>respondeo</span> <span class='ocrx_word' id='word_1_90' title='bbox 1070 1789 1170 1850; x_wconf 87' lang='lat' dir='ltr'>perte</span> <span class='ocrx_word' id='word_1_91' title='bbox 1188 1787 1221 1832; x_wconf 92' lang='lat' dir='ltr'>et</span> 
     </span>
     <span class='ocr_line' id='line_1_15' title="bbox 177 1869 1220 1945; baseline -0.004 -15"><span class='ocrx_word' id='word_1_92' title='bbox 177 1875 235 1930; x_wconf 86' lang='lat' dir='ltr'>hue</span> <span class='ocrx_word' id='word_1_93' title='bbox 246 1875 363 1929; x_wconf 79' lang='lat' dir='ltr'>literae:</span> <span class='ocrx_word' id='word_1_94' title='bbox 384 1873 511 1944; x_wconf 89' lang='lat' dir='ltr'>primum</span> <span class='ocrx_word' id='word_1_95' title='bbox 527 1871 601 1925; x_wconf 85' lang='lat' dir='ltr'>mihi</span> <span class='ocrx_word' id='word_1_96' title='bbox 614 1869 809 1927; x_wconf 83' lang='lat' dir='ltr'>vehementer</span> <span class='ocrx_word' id='word_1_97' title='bbox 821 1872 940 1945; x_wconf 87' lang='lat' dir='ltr'>placere</span> <span class='ocrx_word' id='word_1_98' title='bbox 953 1882 1098 1945; x_wconf 76' lang='lat' dir='ltr'>ppeturam</span> <span class='ocrx_word' id='word_1_99' title='bbox 1112 1888 1220 1928; x_wconf 86' lang='lat' dir='ltr'>eorum</span> 
     </span>
     <span class='ocr_line' id='line_1_16' title="bbox 178 1964 1219 2037; baseline -0.005 -12"><span class='ocrx_word' id='word_1_100' title='bbox 178 1968 357 2027; x_wconf 75' lang='lat' dir='ltr'>modestiam</span> <span class='ocrx_word' id='word_1_101' title='bbox 377 1976 627 2035; x_wconf 74' lang='lat' dir='ltr'>cunctantemque</span> <span class='ocrx_word' id='word_1_102' title='bbox 651 1964 701 2018; x_wconf 88' lang='lat' dir='ltr'>diu</span> <span class='ocrx_word' id='word_1_103' title='bbox 727 1965 920 2034; x_wconf 78' lang='lat' dir='ltr'>gravitatem,</span> <span class='ocrx_word' id='word_1_104' title='bbox 944 1967 969 2033; x_wconf 80' lang='lat' dir='ltr'>si</span> <span class='ocrx_word' id='word_1_105' title='bbox 991 1982 1056 2021; x_wconf 82' lang='lat' dir='ltr'>enm</span> <span class='ocrx_word' id='word_1_106' title='bbox 1072 1966 1102 2032; x_wconf 79' lang='lat' dir='ltr'>in</span> <span class='ocrx_word' id='word_1_107' title='bbox 1128 1983 1219 2037; x_wconf 87' lang='lat' dir='ltr'>opere</span> 
     </span>
     <span class='ocr_line' id='line_1_17' title="bbox 178 2058 1220 2134; baseline -0.004 -20"><span class='ocrx_word' id='word_1_108' title='bbox 178 2060 377 2123; x_wconf 75' lang='lat' dir='ltr'>exhiberent:</span> <span class='ocrx_word' id='word_1_109' title='bbox 401 2060 480 2114; x_wconf 87' lang='lat' dir='ltr'>sicut</span> <span class='ocrx_word' id='word_1_110' title='bbox 502 2058 531 2113; x_wconf 89' lang='lat' dir='ltr'>in</span> <span class='ocrx_word' id='word_1_111' title='bbox 552 2072 600 2110; x_wconf 89' lang='lat' dir='ltr'>me</span> <span class='ocrx_word' id='word_1_112' title='bbox 623 2058 845 2126; x_wconf 85' lang='lat' dir='ltr'>reprehendunt</span> <span class='ocrx_word' id='word_1_113' title='bbox 865 2059 1018 2134; x_wconf 66' lang='lat' dir='ltr'>lenitatem</span> <span class='ocrx_word' id='word_1_114' title='bbox 1034 2070 1065 2114; x_wconf 88' lang='lat' dir='ltr'>et</span> <span class='ocrx_word' id='word_1_115' title='bbox 1082 2059 1220 2131; x_wconf 65' lang='lat' dir='ltr'>praecipi.</span> 
     </span>
     <span class='ocr_line' id='line_1_18' title="bbox 179 2149 1223 2225; baseline -0.003 -18"><span class='ocrx_word' id='word_1_116' title='bbox 179 2162 243 2207; x_wconf 89' lang='lat' dir='ltr'>tem</span> <span class='ocrx_word' id='word_1_117' title='bbox 261 2151 473 2212; x_wconf 78' lang='lat' dir='ltr'>temeritatem·</span> <span class='ocrx_word' id='word_1_118' title='bbox 507 2149 606 2225; x_wconf 66' lang='lat' dir='ltr'>Facile</span> <span class='ocrx_word' id='word_1_119' title='bbox 625 2150 751 2215; x_wconf 74' lang='lat' dir='ltr'>enimin</span> <span class='ocrx_word' id='word_1_120' title='bbox 770 2166 838 2219; x_wconf 86' lang='lat' dir='ltr'>me,</span> <span class='ocrx_word' id='word_1_121' title='bbox 861 2162 895 2206; x_wconf 91' lang='lat' dir='ltr'>ut</span> <span class='ocrx_word' id='word_1_122' title='bbox 918 2153 1025 2220; x_wconf 84' lang='lat' dir='ltr'>video,</span> <span class='ocrx_word' id='word_1_123' title='bbox 1053 2161 1158 2217; x_wconf 79' lang='lat' dir='ltr'>numnt</span> <span class='ocrx_word' id='word_1_124' title='bbox 1178 2152 1223 2206; x_wconf 81' lang='lat' dir='ltr'>vi.</span> 
     </span>
     <span class='ocr_line' id='line_1_19' title="bbox 180 2244 1217 2315; baseline 0.001 -15"><span class='ocrx_word' id='word_1_125' title='bbox 180 2245 254 2300; x_wconf 84' lang='lat' dir='ltr'>tium</span> <span class='ocrx_word' id='word_1_126' title='bbox 271 2244 431 2315; x_wconf 73' lang='lat' dir='ltr'>ejusmodi,</span> <span class='ocrx_word' id='word_1_127' title='bbox 502 2299 505 2305; x_wconf 75' lang='grc'>,</span> <span class='ocrx_word' id='word_1_128' title='bbox 1214 2297 1217 2301; x_wconf 76' lang='grc'>,</span> 
     </span>
    </p>

    <p class='ocr_par' dir='ltr' id='par_1_9' title="bbox 136 2336 1227 3169">
     <span class='ocr_line' id='line_1_20' title="bbox 258 2336 1221 2407; baseline -0.002 -16"><span class='ocrx_word' id='word_1_129' title='bbox 258 2340 314 2392; x_wconf 83' lang='lat' dir='ltr'>Sed</span> <span class='ocrx_word' id='word_1_130' title='bbox 340 2338 450 2400; x_wconf 78' lang='lat' dir='ltr'>miror,</span> <span class='ocrx_word' id='word_1_131' title='bbox 478 2337 560 2407; x_wconf 85' lang='lat' dir='ltr'>quod</span> <span class='ocrx_word' id='word_1_132' title='bbox 587 2336 698 2393; x_wconf 81' lang='lat' dir='ltr'>eisdem</span> <span class='ocrx_word' id='word_1_133' title='bbox 724 2336 820 2399; x_wconf 79' lang='lat' dir='ltr'>oculis</span> <span class='ocrx_word' id='word_1_134' title='bbox 847 2352 933 2402; x_wconf 80' lang='lat' dir='ltr'>suum</span> <span class='ocrx_word' id='word_1_135' title='bbox 960 2337 1155 2403; x_wconf 78' lang='lat' dir='ltr'>Aristotelem</span> <span class='ocrx_word' id='word_1_136' title='bbox 1176 2337 1221 2391; x_wconf 89' lang='lat' dir='ltr'>iu.</span> 
     </span>
     <span class='ocr_line' id='line_1_21' title="bbox 180 2428 1221 2503; baseline -0.004 -15"><span class='ocrx_word' id='word_1_137' title='bbox 180 2431 324 2503; x_wconf 85' lang='lat' dir='ltr'>spicient,</span> <span class='ocrx_word' id='word_1_138' title='bbox 341 2444 390 2501; x_wconf 80' lang='lat' dir='ltr'>out</span> <span class='ocrx_word' id='word_1_139' title='bbox 409 2432 433 2489; x_wconf 81' lang='lat' dir='ltr'>si</span> <span class='ocrx_word' id='word_1_140' title='bbox 452 2431 625 2502; x_wconf 85' lang='lat' dir='ltr'>inspiciunt,</span> <span class='ocrx_word' id='word_1_141' title='bbox 643 2430 796 2502; x_wconf 75' lang='lat' dir='ltr'>quomodo</span> <span class='ocrx_word' id='word_1_142' title='bbox 810 2446 872 2494; x_wconf 87' lang='lat' dir='ltr'>non</span> <span class='ocrx_word' id='word_1_143' title='bbox 888 2431 1006 2495; x_wconf 83' lang='lat' dir='ltr'>vident,</span> <span class='ocrx_word' id='word_1_144' title='bbox 1025 2428 1221 2487; x_wconf 78' lang='lat' dir='ltr'>Aristotelem</span> 
     </span>
     <span class='ocr_line' id='line_1_22' title="bbox 180 2525 1223 2597; baseline -0.004 -14"><span class='ocrx_word' id='word_1_145' title='bbox 180 2526 255 2583; x_wconf 84' lang='lat' dir='ltr'>nihil</span> <span class='ocrx_word' id='word_1_146' title='bbox 280 2527 358 2580; x_wconf 83' lang='lat' dir='ltr'>eliud</span> <span class='ocrx_word' id='word_1_147' title='bbox 381 2541 446 2580; x_wconf 81' lang='lat' dir='ltr'>esse</span> <span class='ocrx_word' id='word_1_148' title='bbox 468 2525 656 2596; x_wconf 69' lang='lat' dir='ltr'>persingulas</span> <span class='ocrx_word' id='word_1_149' title='bbox 684 2541 775 2596; x_wconf 88' lang='lat' dir='ltr'>paene</span> <span class='ocrx_word' id='word_1_150' title='bbox 801 2526 868 2580; x_wconf 83' lang='lat' dir='ltr'>coia</span> <span class='ocrx_word' id='word_1_151' title='bbox 892 2533 923 2578; x_wconf 87' lang='lat' dir='ltr'>et</span> <span class='ocrx_word' id='word_1_152' title='bbox 946 2535 1114 2592; x_wconf 84' lang='lat' dir='ltr'>commata,</span> <span class='ocrx_word' id='word_1_153' title='bbox 1132 2542 1223 2597; x_wconf 82' lang='lat' dir='ltr'>quam</span> 
     </span>
     <span class='ocr_line' id='line_1_23' title="bbox 182 2617 1224 2689; baseline -0.002 -13"><span class='ocrx_word' id='word_1_154' title='bbox 182 2619 339 2687; x_wconf 74' lang='lat' dir='ltr'>Momm,</span> <span class='ocrx_word' id='word_1_155' title='bbox 358 2619 419 2674; x_wconf 88' lang='lat' dir='ltr'>imo</span> <span class='ocrx_word' id='word_1_156' title='bbox 438 2618 616 2674; x_wconf 89' lang='lat' dir='ltr'>Momcrurn</span> <span class='ocrx_word' id='word_1_157' title='bbox 635 2617 784 2673; x_wconf 85' lang='lat' dir='ltr'>Mcmum</span> <span class='ocrx_word' id='word_1_158' title='bbox 831 2617 861 2673; x_wconf 86' lang='lat' dir='ltr'>Si</span> <span class='ocrx_word' id='word_1_159' title='bbox 888 2619 938 2673; x_wconf 87' lang='lat' dir='ltr'>ilie</span> <span class='ocrx_word' id='word_1_160' title='bbox 966 2619 1063 2689; x_wconf 88' lang='lat' dir='ltr'>itaque</span> <span class='ocrx_word' id='word_1_161' title='bbox 1089 2619 1224 2687; x_wconf 80' lang='lat' dir='ltr'>gentilis,</span> 
     </span>
     <span class='ocr_line' id='line_1_24' title="bbox 183 2712 1225 2785; baseline -0.006 -13"><span class='ocrx_word' id='word_1_162' title='bbox 183 2714 256 2773; x_wconf 80' lang='lat' dir='ltr'>nihii</span> <span class='ocrx_word' id='word_1_163' title='bbox 271 2713 450 2785; x_wconf 83' lang='lat' dir='ltr'>prohibente</span> <span class='ocrx_word' id='word_1_164' title='bbox 466 2712 707 2768; x_wconf 83' lang='lat' dir='ltr'>mordacissimae</span> <span class='ocrx_word' id='word_1_165' title='bbox 721 2712 897 2767; x_wconf 80' lang='lat' dir='ltr'>temeritatis</span> <span class='ocrx_word' id='word_1_166' title='bbox 912 2712 1101 2780; x_wconf 87' lang='lat' dir='ltr'>viti0‚adhuc</span> <span class='ocrx_word' id='word_1_167' title='bbox 1115 2714 1225 2785; x_wconf 73' lang='lat' dir='ltr'>placet,</span> 
     </span>
     <span class='ocr_line' id='line_1_25' title="bbox 183 2805 1225 2879; baseline 0 -18"><span class='ocrx_word' id='word_1_168' title='bbox 183 2807 312 2876; x_wconf 82' lang='lat' dir='ltr'>legitur,</span> <span class='ocrx_word' id='word_1_169' title='bbox 330 2807 452 2864; x_wconf 84' lang='lat' dir='ltr'>citetur:</span> <span class='ocrx_word' id='word_1_170' title='bbox 472 2807 543 2879; x_wconf 90' lang='lat' dir='ltr'>quid</span> <span class='ocrx_word' id='word_1_171' title='bbox 561 2816 625 2876; x_wconf 88' lang='lat' dir='ltr'>est,</span> <span class='ocrx_word' id='word_1_172' title='bbox 644 2806 725 2877; x_wconf 88' lang='lat' dir='ltr'>quod</span> <span class='ocrx_word' id='word_1_173' title='bbox 744 2805 928 2861; x_wconf 78' lang='lat' dir='ltr'>Christianus</span> <span class='ocrx_word' id='word_1_174' title='bbox 943 2823 998 2876; x_wconf 75' lang='lat' dir='ltr'>ego</span> <span class='ocrx_word' id='word_1_175' title='bbox 1016 2807 1057 2861; x_wconf 87' lang='lat' dir='ltr'>ite</span> <span class='ocrx_word' id='word_1_176' title='bbox 1070 2806 1225 2876; x_wconf 76' lang='lat' dir='ltr'>displiceo,</span> 
     </span>
     <span class='ocr_line' id='line_1_26' title="bbox 136 2898 1224 2976; baseline 0 -22"><span class='ocrx_word' id='word_1_177' title='bbox 136 2910 139 2918; x_wconf 86' lang='grc'><strong>’</strong></span> <span class='ocrx_word' id='word_1_178' title='bbox 184 2903 350 2972; x_wconf 72' lang='lat' dir='ltr'>presertim</span> <span class='ocrx_word' id='word_1_179' title='bbox 376 2916 445 2956; x_wconf 86' lang='lat' dir='ltr'>cum</span> <span class='ocrx_word' id='word_1_180' title='bbox 470 2911 588 2970; x_wconf 86' lang='lat' dir='ltr'>gustum</span> <span class='ocrx_word' id='word_1_181' title='bbox 611 2901 740 2976; x_wconf 77' lang='lat' dir='ltr'>aliquem</span> <span class='ocrx_word' id='word_1_182' title='bbox 761 2900 860 2955; x_wconf 81' lang='lat' dir='ltr'>refero</span> <span class='ocrx_word' id='word_1_183' title='bbox 877 2900 1004 2954; x_wconf 82' lang='lat' dir='ltr'>similem</span> <span class='ocrx_word' id='word_1_184' title='bbox 1023 2898 1224 2970; x_wconf 84' lang='lat' dir='ltr'>placidissimo</span> 
     </span>
     <span class='ocr_line' id='line_1_27' title="bbox 186 2993 1227 3065; baseline -0.003 -17"><span class='ocrx_word' id='word_1_185' title='bbox 186 2995 228 3055; x_wconf 85' lang='lat' dir='ltr'>ilii</span> <span class='ocrx_word' id='word_1_186' title='bbox 250 2994 427 3049; x_wconf 80' lang='lat' dir='ltr'>Aristoteli?</span> <span class='ocrx_word' id='word_1_187' title='bbox 454 2995 501 3049; x_wconf 82' lang='lat' dir='ltr'>Au</span> <span class='ocrx_word' id='word_1_188' title='bbox 520 2994 656 3065; x_wconf 87' lang='lat' dir='ltr'>displicet</span> <span class='ocrx_word' id='word_1_189' title='bbox 677 2995 707 3049; x_wconf 88' lang='lat' dir='ltr'>in</span> <span class='ocrx_word' id='word_1_190' title='bbox 724 3008 773 3047; x_wconf 90' lang='lat' dir='ltr'>me</span> <span class='ocrx_word' id='word_1_191' title='bbox 791 3003 874 3063; x_wconf 78' lang='lat' dir='ltr'>gutte</span> <span class='ocrx_word' id='word_1_192' title='bbox 891 2993 972 3061; x_wconf 85' lang='lat' dir='ltr'>vitii,</span> <span class='ocrx_word' id='word_1_193' title='bbox 1000 2993 1086 3063; x_wconf 85' lang='lat' dir='ltr'>cujus</span> <span class='ocrx_word' id='word_1_194' title='bbox 1108 2995 1137 3048; x_wconf 91' lang='lat' dir='ltr'>in</span> <span class='ocrx_word' id='word_1_195' title='bbox 1159 2996 1227 3051; x_wconf 80' lang='lat' dir='ltr'>Ari.</span> 
     </span>
     <span class='ocr_line' id='line_1_28' title="bbox 187 3087 686 3169; baseline 0.006 -28"><span class='ocrx_word' id='word_1_196' title='bbox 187 3087 297 3141; x_wconf 83' lang='lat' dir='ltr'>stoteie</span> <span class='ocrx_word' id='word_1_197' title='bbox 320 3098 417 3142; x_wconf 89' lang='lat' dir='ltr'>totum</span> <span class='ocrx_word' id='word_1_198' title='bbox 436 3090 555 3169; x_wconf 67' lang='lat' dir='ltr'>pelagus</span> <span class='ocrx_word' id='word_1_199' title='bbox 568 3089 686 3159; x_wconf 81' lang='lat' dir='ltr'>placet?</span> 
     </span>
    </p>

    <p class='ocr_par' dir='ltr' id='par_1_10' title="bbox 184 3166 1230 3910">
     <span class='ocr_line' id='line_1_29' title="bbox 254 3166 1228 3251; baseline -0.001 -16"><span class='ocrx_word' id='word_1_200' title='bbox 254 3179 373 3236; x_wconf 77' lang='lat' dir='ltr'>Deinde</span> <span class='ocrx_word' id='word_1_201' title='bbox 394 3166 509 3249; x_wconf 82' lang='lat' dir='ltr'>miror,</span> <span class='ocrx_word' id='word_1_202' title='bbox 530 3197 585 3236; x_wconf 91' lang='lat' dir='ltr'>cur</span> <span class='ocrx_word' id='word_1_203' title='bbox 606 3197 662 3236; x_wconf 89' lang='lat' dir='ltr'>nec</span> <span class='ocrx_word' id='word_1_204' title='bbox 685 3180 801 3251; x_wconf 83' lang='lat' dir='ltr'>seipsos</span> <span class='ocrx_word' id='word_1_205' title='bbox 818 3178 927 3251; x_wconf 86' lang='lat' dir='ltr'>pariter</span> <span class='ocrx_word' id='word_1_206' title='bbox 952 3178 1070 3235; x_wconf 89' lang='lat' dir='ltr'>oderint</span> <span class='ocrx_word' id='word_1_207' title='bbox 1092 3188 1123 3234; x_wconf 92' lang='lat' dir='ltr'>et</span> <span class='ocrx_word' id='word_1_208' title='bbox 1146 3181 1228 3235; x_wconf 83' lang='lat' dir='ltr'>dam.</span> 
     </span>
     <span class='ocr_line' id='line_1_30' title="bbox 187 3264 1227 3349; baseline 0 -20"><span class='ocrx_word' id='word_1_209' title='bbox 187 3283 268 3329; x_wconf 82' lang='lat' dir='ltr'>nent.</span> <span class='ocrx_word' id='word_1_210' title='bbox 306 3274 386 3349; x_wconf 75' lang='lat' dir='ltr'>Quid</span> <span class='ocrx_word' id='word_1_211' title='bbox 413 3264 493 3327; x_wconf 85' lang='lat' dir='ltr'>enim</span> <span class='ocrx_word' id='word_1_212' title='bbox 511 3282 580 3329; x_wconf 86' lang='lat' dir='ltr'>eunt</span> <span class='ocrx_word' id='word_1_213' title='bbox 595 3273 722 3329; x_wconf 83' lang='lat' dir='ltr'>invicem</span> <span class='ocrx_word' id='word_1_214' title='bbox 749 3273 799 3328; x_wconf 85' lang='lat' dir='ltr'>isti</span> <span class='ocrx_word' id='word_1_215' title='bbox 822 3271 1014 3341; x_wconf 83' lang='lat' dir='ltr'>scholastici,</span> <span class='ocrx_word' id='word_1_216' title='bbox 1039 3289 1128 3345; x_wconf 87' lang='lat' dir='ltr'>quam</span> <span class='ocrx_word' id='word_1_217' title='bbox 1152 3276 1227 3329; x_wconf 87' lang='lat' dir='ltr'>meri</span> 
     </span>
     <span class='ocr_line' id='line_1_31' title="bbox 189 3363 1230 3445; baseline 0.001 -23"><span class='ocrx_word' id='word_1_218' title='bbox 189 3367 307 3439; x_wconf 81' lang='lat' dir='ltr'>critici,</span> <span class='ocrx_word' id='word_1_219' title='bbox 335 3366 517 3426; x_wconf 72' lang='lat' dir='ltr'>Aristarchi,</span> <span class='ocrx_word' id='word_1_220' title='bbox 549 3368 705 3433; x_wconf 77' lang='lat' dir='ltr'>mutuique</span> <span class='ocrx_word' id='word_1_221' title='bbox 730 3364 850 3421; x_wconf 84' lang='lat' dir='ltr'>Momi?</span> <span class='ocrx_word' id='word_1_222' title='bbox 877 3363 965 3421; x_wconf 88' lang='lat' dir='ltr'>Licet</span> <span class='ocrx_word' id='word_1_223' title='bbox 990 3366 1047 3422; x_wconf 81' lang='lat' dir='ltr'>iilis</span> <span class='ocrx_word' id='word_1_224' title='bbox 1074 3377 1105 3423; x_wconf 91' lang='lat' dir='ltr'>et</span> <span class='ocrx_word' id='word_1_225' title='bbox 1125 3368 1230 3445; x_wconf 83' lang='lat' dir='ltr'>piacet</span> 
     </span>
     <span class='ocr_line' id='line_1_32' title="bbox 184 3452 1230 3535; baseline 0.001 -19"><span class='ocrx_word' id='word_1_226' title='bbox 184 3461 321 3535; x_wconf 80' lang='lat' dir='ltr'>judicare</span> <span class='ocrx_word' id='word_1_227' title='bbox 339 3461 470 3516; x_wconf 88' lang='lat' dir='ltr'>omnium</span> <span class='ocrx_word' id='word_1_228' title='bbox 489 3476 610 3522; x_wconf 79' lang='lat' dir='ltr'>sensus.</span> <span class='ocrx_word' id='word_1_229' title='bbox 626 3461 699 3517; x_wconf 85' lang='lat' dir='ltr'>mihi</span> <span class='ocrx_word' id='word_1_230' title='bbox 715 3459 812 3515; x_wconf 87' lang='lat' dir='ltr'>eidem</span> <span class='ocrx_word' id='word_1_231' title='bbox 829 3475 953 3530; x_wconf 85' lang='lat' dir='ltr'>prorsus</span> <span class='ocrx_word' id='word_1_232' title='bbox 965 3461 1156 3516; x_wconf 86' lang='lat' dir='ltr'>interdictum</span> <span class='ocrx_word' id='word_1_233' title='bbox 1171 3452 1230 3518; x_wconf 84' lang='lat' dir='ltr'>est.</span> 
     </span>
     <span class='ocr_line' id='line_1_33' title="bbox 189 3553 1229 3627; baseline 0.001 -19"><span class='ocrx_word' id='word_1_234' title='bbox 189 3553 327 3609; x_wconf 79' lang='lat' dir='ltr'>Tandem</span> <span class='ocrx_word' id='word_1_235' title='bbox 342 3555 370 3607; x_wconf 94' lang='lat' dir='ltr'>id</span> <span class='ocrx_word' id='word_1_236' title='bbox 386 3554 473 3609; x_wconf 83' lang='lat' dir='ltr'>etism</span> <span class='ocrx_word' id='word_1_237' title='bbox 490 3570 622 3625; x_wconf 82' lang='lat' dir='ltr'>queror,</span> <span class='ocrx_word' id='word_1_238' title='bbox 639 3554 664 3612; x_wconf 83' lang='lat' dir='ltr'>si</span> <span class='ocrx_word' id='word_1_239' title='bbox 687 3555 824 3627; x_wconf 84' lang='lat' dir='ltr'>displicet</span> <span class='ocrx_word' id='word_1_240' title='bbox 841 3557 898 3612; x_wconf 86' lang='lat' dir='ltr'>iilis</span> <span class='ocrx_word' id='word_1_241' title='bbox 914 3558 954 3625; x_wconf 85' lang='lat' dir='ltr'>ita</span> <span class='ocrx_word' id='word_1_242' title='bbox 973 3557 1060 3623; x_wconf 80' lang='lat' dir='ltr'>nimis</span> <span class='ocrx_word' id='word_1_243' title='bbox 1078 3572 1143 3619; x_wconf 81' lang='lat' dir='ltr'>mee</span> <span class='ocrx_word' id='word_1_244' title='bbox 1161 3572 1229 3611; x_wconf 88' lang='lat' dir='ltr'>sen.</span> 
     </span>
     <span class='ocr_line' id='line_1_34' title="bbox 190 3634 1230 3724; baseline 0.004 -23"><span class='ocrx_word' id='word_1_245' title='bbox 190 3637 302 3724; x_wconf 77' lang='lat' dir='ltr'>tentia,</span> <span class='ocrx_word' id='word_1_246' title='bbox 329 3657 360 3701; x_wconf 90' lang='lat' dir='ltr'>et</span> <span class='ocrx_word' id='word_1_247' title='bbox 376 3648 553 3702; x_wconf 84' lang='lat' dir='ltr'>modestiam</span> <span class='ocrx_word' id='word_1_248' title='bbox 580 3648 680 3718; x_wconf 83' lang='lat' dir='ltr'>potius</span> <span class='ocrx_word' id='word_1_249' title='bbox 698 3647 839 3722; x_wconf 66' lang='lat' dir='ltr'>laudautr</span> <span class='ocrx_word' id='word_1_250' title='bbox 865 3634 920 3705; x_wconf 74' lang='lat' dir='ltr'>cur</span> <span class='ocrx_word' id='word_1_251' title='bbox 949 3668 1009 3706; x_wconf 89' lang='lat' dir='ltr'>non</span> <span class='ocrx_word' id='word_1_252' title='bbox 1037 3660 1067 3706; x_wconf 88' lang='lat' dir='ltr'>et</span> <span class='ocrx_word' id='word_1_253' title='bbox 1094 3650 1148 3722; x_wconf 87' lang='lat' dir='ltr'>ipsi</span> <span class='ocrx_word' id='word_1_254' title='bbox 1168 3667 1230 3705; x_wconf 90' lang='lat' dir='ltr'>non</span> 
     </span>
     <span class='ocr_line' id='line_1_35' title="bbox 192 3732 1230 3823; baseline 0.002 -27"><span class='ocrx_word' id='word_1_255' title='bbox 192 3750 361 3823; x_wconf 67' lang='lat' dir='ltr'>temperant</span> <span class='ocrx_word' id='word_1_256' title='bbox 384 3740 440 3798; x_wconf 87' lang='lat' dir='ltr'>sibi</span> <span class='ocrx_word' id='word_1_257' title='bbox 459 3732 587 3814; x_wconf 80' lang='lat' dir='ltr'>judicic</span> <span class='ocrx_word' id='word_1_258' title='bbox 601 3741 689 3797; x_wconf 79' lang='lat' dir='ltr'>mei?</span> <span class='ocrx_word' id='word_1_259' title='bbox 719 3757 774 3808; x_wconf 88' lang='lat' dir='ltr'>cur</span> <span class='ocrx_word' id='word_1_260' title='bbox 797 3759 858 3816; x_wconf 90' lang='lat' dir='ltr'>non</span> <span class='ocrx_word' id='word_1_261' title='bbox 881 3746 1046 3800; x_wconf 85' lang='lat' dir='ltr'>modestius</span> <span class='ocrx_word' id='word_1_262' title='bbox 1069 3734 1230 3818; x_wconf 78' lang='lat' dir='ltr'>expectent</span> 
     </span>
     <span class='ocr_line' id='line_1_36' title="bbox 193 3832 1230 3910; baseline 0 -17"><span class='ocrx_word' id='word_1_263' title='bbox 193 3832 365 3893; x_wconf 65' lang='lat' dir='ltr'>rei‘finem?</span> <span class='ocrx_word' id='word_1_264' title='bbox 379 3834 470 3892; x_wconf 89' lang='lat' dir='ltr'>Vides</span> <span class='ocrx_word' id='word_1_265' title='bbox 482 3839 585 3908; x_wconf 86' lang='lat' dir='ltr'>itaque</span> <span class='ocrx_word' id='word_1_266' title='bbox 603 3851 693 3906; x_wconf 86' lang='lat' dir='ltr'>quam</span> <span class='ocrx_word' id='word_1_267' title='bbox 710 3851 812 3905; x_wconf 81' lang='lat' dir='ltr'>sumus</span> <span class='ocrx_word' id='word_1_268' title='bbox 830 3837 989 3907; x_wconf 88' lang='lat' dir='ltr'>homines,</span> <span class='ocrx_word' id='word_1_269' title='bbox 1013 3839 1041 3895; x_wconf 91' lang='lat' dir='ltr'>id</span> <span class='ocrx_word' id='word_1_270' title='bbox 1063 3847 1127 3906; x_wconf 83' lang='lat' dir='ltr'>est,</span> <span class='ocrx_word' id='word_1_271' title='bbox 1146 3838 1230 3910; x_wconf 86' lang='lat' dir='ltr'>piane</span> 
     </span>
    </p>
   </div>
   <div class='ocr_carea' id='block_1_9' title="bbox 80 3929 1232 4000">
    <p class='ocr_par' dir='ltr' id='par_1_11' title="bbox 80 3929 1232 4000">
     <span class='ocr_line' id='line_1_37' title="bbox 80 3929 1232 4000; baseline 0.003 -17"><span class='ocrx_word' id='word_1_272' title='bbox 80 3951 85 3970; x_wconf 83' lang='lat'><strong>·</strong></span> <span class='ocrx_word' id='word_1_273' title='bbox 194 3929 299 4000; x_wconf 87' lang='lat' dir='ltr'>iniqui,</span> <span class='ocrx_word' id='word_1_274' title='bbox 312 3938 346 3984; x_wconf 93' lang='lat' dir='ltr'>ut</span> <span class='ocrx_word' id='word_1_275' title='bbox 358 3945 475 4000; x_wconf 83' lang='lat' dir='ltr'>semper</span> <span class='ocrx_word' id='word_1_276' title='bbox 488 3929 663 3988; x_wconf 79' lang='lat' dir='ltr'>festinemus</span> <span class='ocrx_word' id='word_1_277' title='bbox 678 3929 809 3992; x_wconf 77' lang='lat' dir='ltr'>festucas</span> <span class='ocrx_word' id='word_1_278' title='bbox 824 3932 861 3988; x_wconf 87' lang='lat' dir='ltr'>de</span> <span class='ocrx_word' id='word_1_279' title='bbox 874 3933 964 3988; x_wconf 82' lang='lat' dir='ltr'>oculo</span> <span class='ocrx_word' id='word_1_280' title='bbox 973 3933 1100 3988; x_wconf 78' lang='lat' dir='ltr'>fratrum</span> <span class='ocrx_word' id='word_1_281' title='bbox 1114 3949 1232 4000; x_wconf 90' lang='lat' dir='ltr'>eruere,</span> 
     </span>
    </p>
   </div>
   <div class='ocr_carea' id='block_1_10' title="bbox 196 4023 1231 4103">
    <p class='ocr_par' dir='ltr' id='par_1_12' title="bbox 196 4023 1231 4103">
     <span class='ocr_line' id='line_1_38' title="bbox 196 4023 1231 4103; baseline 0 -24"><span class='ocrx_word' id='word_1_282' title='bbox 196 4023 325 4096; x_wconf 73' lang='lat' dir='ltr'>interint</span> <span class='ocrx_word' id='word_1_283' title='bbox 345 4023 478 4083; x_wconf 81' lang='lat' dir='ltr'>trabibus</span> <span class='ocrx_word' id='word_1_284' title='bbox 517 4034 692 4083; x_wconf 86' lang='lat' dir='ltr'>nostrorum</span> <span class='ocrx_word' id='word_1_285' title='bbox 722 4025 882 4085; x_wconf 85' lang='lat' dir='ltr'>oculorum</span> <span class='ocrx_word' id='word_1_286' title='bbox 908 4027 997 4083; x_wconf 88' lang='lat' dir='ltr'>etiam</span> <span class='ocrx_word' id='word_1_287' title='bbox 1029 4027 1121 4103; x_wconf 82' lang='lat' dir='ltr'>hujus</span> <span class='ocrx_word' id='word_1_288' title='bbox 1153 4028 1231 4085; x_wconf 74' lang='lat' dir='ltr'>vitre</span> 
     </span>
    </p>
   </div>
   <div class='ocr_carea' id='block_1_11' title="bbox 0 0 1316 4732">
    <p class='ocr_par' dir='ltr' id='par_1_13' title="bbox 0 0 1316 4732">
     <span class='ocr_line' id='line_1_39' title="bbox 0 0 1316 4732; baseline 0 0"><span class='ocrx_word' id='word_1_289' title='bbox 0 0 1316 4732; x_wconf 95' lang='lat' dir='ltr'> </span> 
     </span>
    </p>
   </div>
  </div>
 </body>
</html>
