<?xml version="1.0" encoding="UTF-8"?>
<!DOCTYPE html PUBLIC "-//W3C//DTD XHTML 1.0 Transitional//EN"
    "http://www.w3.org/TR/xhtml1/DTD/xhtml1-transitional.dtd">
<html xmlns="http://www.w3.org/1999/xhtml" xml:lang="en" lang="en">
 <head>
  <title>
</title>
<meta http-equiv="Content-Type" content="text/html;charset=utf-8" />
  <meta name='ocr-system' content='tesseract 3.04.00' />
  <meta name='ocr-capabilities' content='ocr_page ocr_carea ocr_par ocr_line ocrx_word'/>
</head>
<body>
  <div class='ocr_page' id='page_1' title='image "./briefesendschre04luthgoog/briefesendschre04luthgoog_0057.png"; bbox 0 0 2574 4732; ppageno 0'>
   <div class='ocr_carea' id='block_1_1' title="bbox 658 381 889 602">
    <p class='ocr_par' dir='ltr' id='par_1_1' title="bbox 658 381 889 602">
     <span class='ocr_line' id='line_1_1' title="bbox 687 381 776 447; baseline 0.034 -3"><span class='ocrx_word' id='word_1_1' title='bbox 687 381 776 447; x_wconf 77' lang='lat' dir='ltr'>asts.</span> 
     </span>
     <span class='ocr_line' id='line_1_2' title="bbox 658 536 889 602; baseline -0.017 0"><span class='ocrx_word' id='word_1_2' title='bbox 658 543 686 595; x_wconf 74' lang='lat'>4·</span> <span class='ocrx_word' id='word_1_3' title='bbox 712 536 804 602; x_wconf 74' lang='lat' dir='ltr'>mat.</span> <span class='ocrx_word' id='word_1_4' title='bbox 886 556 889 561; x_wconf 94' lang='lat'>·</span> 
     </span>
    </p>
   </div>
   <div class='ocr_carea' id='block_1_2' title="bbox 652 730 801 805">
    <p class='ocr_par' dir='ltr' id='par_1_2' title="bbox 652 730 801 805">
     <span class='ocr_line' id='line_1_3' title="bbox 652 730 801 805; baseline -0.013 -4"><span class='ocrx_word' id='word_1_5' title='bbox 652 730 714 805; x_wconf 59' lang='grc' dir='ltr'>ΝΟ.</span> <span class='ocrx_word' id='word_1_6' title='bbox 735 732 801 801; x_wconf 87' lang='lat' dir='ltr'>XI.</span> 
     </span>
    </p>
   </div>
   <div class='ocr_carea' id='block_1_3' title="bbox 242 888 1203 983">
    <p class='ocr_par' dir='ltr' id='par_1_3' title="bbox 242 888 1203 983">
     <span class='ocr_line' id='line_1_4' title="bbox 242 888 1203 983; baseline -0.001 -17"><span class='ocrx_word' id='word_1_7' title='bbox 242 895 291 966; x_wconf 73' lang='lat' dir='ltr'>tta</span> <span class='ocrx_word' id='word_1_8' title='bbox 318 891 486 977; x_wconf 58' lang='lat' dir='ltr'>Sobata</span> <span class='ocrx_word' id='word_1_9' title='bbox 515 888 695 971; x_wconf 61' lang='lat' dir='ltr'>mesdeus</span> <span class='ocrx_word' id='word_1_10' title='bbox 722 892 1011 975; x_wconf 63' lang='lat' dir='ltr'>taoelinratleise</span> <span class='ocrx_word' id='word_1_11' title='bbox 1033 897 1066 969; x_wconf 83' lang='lat' dir='ltr'>la</span> <span class='ocrx_word' id='word_1_12' title='bbox 1086 898 1203 983; x_wconf 67' lang='lat' dir='ltr'>maiar.</span> 
     </span>
    </p>
   </div>
   <div class='ocr_carea' id='block_1_4' title="bbox 199 1047 1251 1192">
    <p class='ocr_par' dir='ltr' id='par_1_4' title="bbox 199 1047 1251 1192">
     <span class='ocr_line' id='line_1_5' title="bbox 253 1047 1251 1109; baseline 0.003 -10"><span class='ocrx_word' id='word_1_13' title='bbox 253 1055 278 1104; x_wconf 68' lang='grc' dir='ltr'>ε.</span> <span class='ocrx_word' id='word_1_14' title='bbox 299 1053 374 1106; x_wconf 66' lang='lat' dir='ltr'>leuet</span> <span class='ocrx_word' id='word_1_15' title='bbox 393 1051 459 1098; x_wconf 82' lang='lat' dir='ltr'>einen</span> <span class='ocrx_word' id='word_1_16' title='bbox 482 1048 602 1104; x_wconf 68' lang='lat' dir='ltr'>titillata</span> <span class='ocrx_word' id='word_1_17' title='bbox 623 1049 711 1100; x_wconf 69' lang='lat' dir='ltr'>mmo</span> <span class='ocrx_word' id='word_1_18' title='bbox 733 1047 821 1104; x_wconf 74' lang='lat' dir='ltr'>sarid.</span> <span class='ocrx_word' id='word_1_19' title='bbox 855 1050 907 1102; x_wconf 66' lang='lat' dir='ltr'>vet</span> <span class='ocrx_word' id='word_1_20' title='bbox 929 1052 1002 1107; x_wconf 60' lang='lat' dir='ltr'>melei</span> <span class='ocrx_word' id='word_1_21' title='bbox 1023 1055 1050 1109; x_wconf 82' lang='lat' dir='ltr'>ta</span> <span class='ocrx_word' id='word_1_22' title='bbox 1070 1062 1117 1104; x_wconf 83' lang='lat' dir='ltr'>ses</span> <span class='ocrx_word' id='word_1_23' title='bbox 1141 1056 1251 1107; x_wconf 56' lang='lat' dir='ltr'>&amp;esses</span> 
     </span>
     <span class='ocr_line' id='line_1_6' title="bbox 199 1135 837 1192; baseline -0.006 -3"><span class='ocrx_word' id='word_1_24' title='bbox 199 1141 295 1191; x_wconf 68' lang='lat' dir='ltr'>latura</span> <span class='ocrx_word' id='word_1_25' title='bbox 308 1146 346 1188; x_wconf 81' lang='lat' dir='ltr'>tae</span> <span class='ocrx_word' id='word_1_26' title='bbox 359 1135 399 1192; x_wconf 72' lang='lat' dir='ltr'>lid</span> <span class='ocrx_word' id='word_1_27' title='bbox 415 1138 440 1188; x_wconf 70' lang='lat' dir='ltr'>a.</span> <span class='ocrx_word' id='word_1_28' title='bbox 455 1137 548 1185; x_wconf 79' lang='lat' dir='ltr'>senus</span> <span class='ocrx_word' id='word_1_29' title='bbox 562 1138 600 1186; x_wconf 80' lang='lat' dir='ltr'>ets</span> <span class='ocrx_word' id='word_1_30' title='bbox 615 1138 731 1189; x_wconf 69' lang='lat' dir='ltr'>attractas</span> <span class='ocrx_word' id='word_1_31' title='bbox 745 1137 837 1188; x_wconf 73' lang='lat' dir='ltr'>utens.</span> 
     </span>
    </p>
   </div>
   <div class='ocr_carea' id='block_1_5' title="bbox 653 1264 793 1283">
    <p class='ocr_par' dir='ltr' id='par_1_5' title="bbox 653 1264 793 1283">
     <span class='ocr_line' id='line_1_7' title="bbox 653 1264 793 1283; baseline 0.007 -1"><span class='ocrx_word' id='word_1_32' title='bbox 653 1264 793 1283; x_wconf 68' lang='grc'><strong>-</strong></span> 
     </span>
    </p>
   </div>
   <div class='ocr_carea' id='block_1_6' title="bbox 169 1340 1250 1413">
    <p class='ocr_par' dir='ltr' id='par_1_6' title="bbox 169 1340 1250 1413">
     <span class='ocr_line' id='line_1_8' title="bbox 169 1340 1250 1413; baseline 0.006 -10"><span class='ocrx_word' id='word_1_33' title='bbox 169 1370 174 1381; x_wconf 82' lang='lat'>=</span> <span class='ocrx_word' id='word_1_34' title='bbox 198 1356 250 1409; x_wconf 74' lang='lat' dir='ltr'>aaa</span> <span class='ocrx_word' id='word_1_35' title='bbox 264 1340 564 1404; x_wconf 66' lang='lat' dir='ltr'>suarattaratae.</span> <span class='ocrx_word' id='word_1_36' title='bbox 592 1353 711 1408; x_wconf 76' lang='lat' dir='ltr'>estare</span> <span class='ocrx_word' id='word_1_37' title='bbox 728 1356 747 1403; x_wconf 91' lang='lat'>1.</span> <span class='ocrx_word' id='word_1_38' title='bbox 763 1356 814 1406; x_wconf 76' lang='lat' dir='ltr'>aar.</span> <span class='ocrx_word' id='word_1_39' title='bbox 840 1356 1250 1413; x_wconf 64' lang='lat' dir='ltr'>mattaresmatomnm</span> 
     </span>
    </p>
   </div>
   <div class='ocr_carea' id='block_1_7' title="bbox 181 1493 1250 1686">
    <p class='ocr_par' dir='ltr' id='par_1_7' title="bbox 181 1493 1250 1686">
     <span class='ocr_line' id='line_1_9' title="bbox 181 1493 1250 1592; baseline 0.007 -19"><span class='ocrx_word' id='word_1_40' title='bbox 181 1493 375 1574; x_wconf 61' lang='lat' dir='ltr'>‘nooman</span> <span class='ocrx_word' id='word_1_41' title='bbox 400 1520 430 1568; x_wconf 71' lang='lat' dir='ltr'>aa</span> <span class='ocrx_word' id='word_1_42' title='bbox 452 1512 596 1586; x_wconf 60' lang='lat' dir='ltr'>aaaron</span> <span class='ocrx_word' id='word_1_43' title='bbox 613 1514 729 1586; x_wconf 77' lang='lat' dir='ltr'>Patri,</span> <span class='ocrx_word' id='word_1_44' title='bbox 756 1515 795 1573; x_wconf 70' lang='lat' dir='ltr'>p,</span> <span class='ocrx_word' id='word_1_45' title='bbox 818 1515 955 1575; x_wconf 68' lang='lat' dir='ltr'>ronam</span> <span class='ocrx_word' id='word_1_46' title='bbox 977 1517 1142 1592; x_wconf 67' lang='lat' dir='ltr'>eoum,</span> <span class='ocrx_word' id='word_1_47' title='bbox 1168 1521 1250 1580; x_wconf 74' lang='lat' dir='ltr'>Ere.</span> 
     </span>
     <span class='ocr_line' id='line_1_10' title="bbox 265 1607 1035 1686; baseline 0.008 -21"><span class='ocrx_word' id='word_1_48' title='bbox 265 1611 415 1668; x_wconf 80' lang='lat' dir='ltr'>miturrem</span> <span class='ocrx_word' id='word_1_49' title='bbox 431 1607 707 1685; x_wconf 72' lang='lat' dir='ltr'>Augmtinensiwn</span> <span class='ocrx_word' id='word_1_50' title='bbox 719 1609 901 1686; x_wconf 77' lang='lat' dir='ltr'>Moprurtioe</span> <span class='ocrx_word' id='word_1_51' title='bbox 919 1613 1035 1671; x_wconf 76' lang='lat' dir='ltr'>Priori.</span> 
     </span>
    </p>
   </div>
   <div class='ocr_carea' id='block_1_8' title="bbox 637 1776 807 1836">
    <p class='ocr_par' dir='ltr' id='par_1_8' title="bbox 637 1776 807 1836">
     <span class='ocr_line' id='line_1_11' title="bbox 637 1776 807 1836; baseline 0.012 -4"><span class='ocrx_word' id='word_1_52' title='bbox 637 1776 807 1836; x_wconf 84' lang='lat' dir='ltr'>Jeaue.</span> 
     </span>
    </p>
   </div>
   <div class='ocr_carea' id='block_1_9' title="bbox 173 1902 1246 4162">
    <p class='ocr_par' dir='ltr' id='par_1_9' title="bbox 191 1902 1246 2761">
     <span class='ocr_line' id='line_1_12' title="bbox 195 1902 1246 2015; baseline 0.008 -24"><span class='ocrx_word' id='word_1_53' title='bbox 195 1902 338 1994; x_wconf 77' lang='lat' dir='ltr'>Salutem</span> <span class='ocrx_word' id='word_1_54' title='bbox 358 1939 388 1994; x_wconf 89' lang='lat' dir='ltr'>in</span> <span class='ocrx_word' id='word_1_55' title='bbox 402 1934 551 1993; x_wconf 88' lang='lat' dir='ltr'>Domino.</span> <span class='ocrx_word' id='word_1_56' title='bbox 584 1937 764 1996; x_wconf 84' lang='lat' dir='ltr'>Revereade</span> <span class='ocrx_word' id='word_1_57' title='bbox 781 1948 813 1996; x_wconf 87' lang='lat' dir='ltr'>et</span> <span class='ocrx_word' id='word_1_58' title='bbox 827 1941 942 2015; x_wconf 90' lang='lat' dir='ltr'>optime</span> <span class='ocrx_word' id='word_1_59' title='bbox 958 1941 1050 2000; x_wconf 88' lang='lat' dir='ltr'>Pater</span> <span class='ocrx_word' id='word_1_60' title='bbox 1063 1941 1176 2013; x_wconf 89' lang='lat' dir='ltr'>Prior,</span> <span class='ocrx_word' id='word_1_61' title='bbox 1195 1958 1246 1999; x_wconf 86' lang='lat' dir='ltr'>au.</span> 
     </span>
     <span class='ocr_line' id='line_1_13' title="bbox 196 2029 1245 2107; baseline 0.003 -18"><span class='ocrx_word' id='word_1_62' title='bbox 196 2034 260 2089; x_wconf 80' lang='lat' dir='ltr'>‹titu</span> <span class='ocrx_word' id='word_1_63' title='bbox 274 2047 335 2087; x_wconf 90' lang='lat' dir='ltr'>non</span> <span class='ocrx_word' id='word_1_64' title='bbox 350 2029 434 2085; x_wconf 91' lang='lat' dir='ltr'>bono</span> <span class='ocrx_word' id='word_1_65' title='bbox 451 2029 567 2097; x_wconf 85' lang='lat' dir='ltr'>audivi,</span> <span class='ocrx_word' id='word_1_66' title='bbox 580 2032 656 2101; x_wconf 89' lang='lat' dir='ltr'>apud</span> <span class='ocrx_word' id='word_1_67' title='bbox 671 2031 889 2090; x_wconf 85' lang='lat' dir='ltr'>Pateraitatem</span> <span class='ocrx_word' id='word_1_68' title='bbox 906 2044 989 2090; x_wconf 87' lang='lat' dir='ltr'>tuam</span> <span class='ocrx_word' id='word_1_69' title='bbox 1010 2051 1077 2091; x_wconf 87' lang='lat' dir='ltr'>esse</span> <span class='ocrx_word' id='word_1_70' title='bbox 1095 2037 1245 2107; x_wconf 78' lang='lat' dir='ltr'>quendam</span> 
     </span>
     <span class='ocr_line' id='line_1_14' title="bbox 195 2121 1245 2196; baseline 0.004 -16"><span class='ocrx_word' id='word_1_71' title='bbox 195 2127 321 2181; x_wconf 78' lang='lat' dir='ltr'>fratrem</span> <span class='ocrx_word' id='word_1_72' title='bbox 357 2137 459 2177; x_wconf 88' lang='lat' dir='ltr'>meum</span> <span class='ocrx_word' id='word_1_73' title='bbox 493 2121 661 2192; x_wconf 79' lang='lat' dir='ltr'>Georgium</span> <span class='ocrx_word' id='word_1_74' title='bbox 691 2123 985 2196; x_wconf 86' lang='lat' dir='ltr'>Bsumgartnerum,</span> <span class='ocrx_word' id='word_1_75' title='bbox 1022 2142 1062 2181; x_wconf 86' lang='lat' dir='ltr'>ex</span> <span class='ocrx_word' id='word_1_76' title='bbox 1091 2143 1245 2187; x_wconf 84' lang='lat' dir='ltr'>conventu</span> 
     </span>
     <span class='ocr_line' id='line_1_15' title="bbox 193 2215 1246 2287; baseline 0.001 -11"><span class='ocrx_word' id='word_1_77' title='bbox 193 2227 301 2276; x_wconf 83' lang='lat' dir='ltr'>nostro</span> <span class='ocrx_word' id='word_1_78' title='bbox 324 2215 512 2271; x_wconf 85' lang='lat' dir='ltr'>Dresdensi:</span> <span class='ocrx_word' id='word_1_79' title='bbox 539 2218 590 2287; x_wconf 88' lang='lat' dir='ltr'>qui</span> <span class='ocrx_word' id='word_1_80' title='bbox 611 2217 647 2270; x_wconf 86' lang='lat' dir='ltr'>ad</span> <span class='ocrx_word' id='word_1_81' title='bbox 668 2215 884 2272; x_wconf 86' lang='lat' dir='ltr'>Paternitetem</span> <span class='ocrx_word' id='word_1_82' title='bbox 906 2228 989 2274; x_wconf 90' lang='lat' dir='ltr'>tuam</span> <span class='ocrx_word' id='word_1_83' title='bbox 1011 2221 1108 2275; x_wconf 82' lang='lat' dir='ltr'>causis</span> <span class='ocrx_word' id='word_1_84' title='bbox 1127 2232 1159 2276; x_wconf 88' lang='lat' dir='ltr'>et</span> <span class='ocrx_word' id='word_1_85' title='bbox 1176 2239 1246 2280; x_wconf 89' lang='lat' dir='ltr'>mo.</span> 
     </span>
     <span class='ocr_line' id='line_1_16' title="bbox 193 2307 1244 2383; baseline 0.01 -21"><span class='ocrx_word' id='word_1_86' title='bbox 193 2312 259 2381; x_wconf 75' lang='lat' dir='ltr'>dis,</span> <span class='ocrx_word' id='word_1_87' title='bbox 276 2325 332 2383; x_wconf 91' lang='lat' dir='ltr'>pro</span> <span class='ocrx_word' id='word_1_88' title='bbox 349 2308 458 2375; x_wconf 90' lang='lat' dir='ltr'>dolor,</span> <span class='ocrx_word' id='word_1_89' title='bbox 484 2307 630 2377; x_wconf 86' lang='lat' dir='ltr'>pudendis</span> <span class='ocrx_word' id='word_1_90' title='bbox 650 2310 796 2380; x_wconf 88' lang='lat' dir='ltr'>pervenit.</span> <span class='ocrx_word' id='word_1_91' title='bbox 832 2308 954 2367; x_wconf 86' lang='lat' dir='ltr'>Gratias</span> <span class='ocrx_word' id='word_1_92' title='bbox 975 2320 1075 2367; x_wconf 86' lang='lat' dir='ltr'>autem</span> <span class='ocrx_word' id='word_1_93' title='bbox 1097 2329 1153 2382; x_wconf 86' lang='lat' dir='ltr'>ago</span> <span class='ocrx_word' id='word_1_94' title='bbox 1173 2314 1244 2371; x_wconf 84' lang='lat' dir='ltr'>lidsi</span> 
     </span>
     <span class='ocr_line' id='line_1_17' title="bbox 191 2400 1244 2475; baseline 0.003 -13"><span class='ocrx_word' id='word_1_95' title='bbox 191 2416 250 2462; x_wconf 82' lang='lat' dir='ltr'>ture</span> <span class='ocrx_word' id='word_1_96' title='bbox 269 2414 301 2458; x_wconf 89' lang='lat' dir='ltr'>et</span> <span class='ocrx_word' id='word_1_97' title='bbox 321 2400 458 2458; x_wconf 86' lang='lat' dir='ltr'>officioso</span> <span class='ocrx_word' id='word_1_98' title='bbox 477 2400 575 2457; x_wconf 85' lang='lat' dir='ltr'>officio</span> <span class='ocrx_word' id='word_1_99' title='bbox 586 2440 597 2471; x_wconf 91' lang='lat'>,</span> <span class='ocrx_word' id='word_1_100' title='bbox 614 2403 696 2474; x_wconf 88' lang='lat' dir='ltr'>quod</span> <span class='ocrx_word' id='word_1_101' title='bbox 715 2401 798 2457; x_wconf 89' lang='lat' dir='ltr'>illurn</span> <span class='ocrx_word' id='word_1_102' title='bbox 818 2405 995 2475; x_wconf 72' lang='lat' dir='ltr'>suscepisti,</span> <span class='ocrx_word' id='word_1_103' title='bbox 1013 2414 1055 2460; x_wconf 81' lang='lat' dir='ltr'>ut.</span> <span class='ocrx_word' id='word_1_104' title='bbox 1068 2403 1134 2460; x_wconf 89' lang='lat' dir='ltr'>linis</span> <span class='ocrx_word' id='word_1_105' title='bbox 1157 2405 1244 2465; x_wconf 84' lang='lat' dir='ltr'>fieret</span> 
     </span>
     <span class='ocr_line' id='line_1_18' title="bbox 193 2494 1241 2572; baseline -0.003 -14"><span class='ocrx_word' id='word_1_106' title='bbox 193 2496 392 2572; x_wconf 87' lang='lat' dir='ltr'>turpitudinis.</span> <span class='ocrx_word' id='word_1_107' title='bbox 411 2494 484 2550; x_wconf 86' lang='lat' dir='ltr'>Mes</span> <span class='ocrx_word' id='word_1_108' title='bbox 501 2503 549 2550; x_wconf 85' lang='lat' dir='ltr'>est</span> <span class='ocrx_word' id='word_1_109' title='bbox 562 2496 630 2551; x_wconf 86' lang='lat' dir='ltr'>ovis</span> <span class='ocrx_word' id='word_1_110' title='bbox 643 2495 691 2551; x_wconf 90' lang='lat' dir='ltr'>ills</span> <span class='ocrx_word' id='word_1_111' title='bbox 705 2497 838 2567; x_wconf 84' lang='lat' dir='ltr'>perdita,</span> <span class='ocrx_word' id='word_1_112' title='bbox 856 2498 955 2554; x_wconf 89' lang='lat' dir='ltr'>adme</span> <span class='ocrx_word' id='word_1_113' title='bbox 973 2499 1119 2572; x_wconf 82' lang='lat' dir='ltr'>pertinet:</span> <span class='ocrx_word' id='word_1_114' title='bbox 1139 2515 1241 2555; x_wconf 89' lang='lat' dir='ltr'>meum</span> 
     </span>
     <span class='ocr_line' id='line_1_19' title="bbox 193 2576 1240 2665; baseline 0 -15"><span class='ocrx_word' id='word_1_115' title='bbox 193 2604 241 2652; x_wconf 89' lang='lat' dir='ltr'>est</span> <span class='ocrx_word' id='word_1_116' title='bbox 264 2605 398 2665; x_wconf 75' lang='lat' dir='ltr'>quaerere</span> <span class='ocrx_word' id='word_1_117' title='bbox 420 2589 518 2658; x_wconf 89' lang='lat' dir='ltr'>illam,</span> <span class='ocrx_word' id='word_1_118' title='bbox 542 2598 573 2646; x_wconf 85' lang='lat' dir='ltr'>et</span> <span class='ocrx_word' id='word_1_119' title='bbox 592 2576 738 2646; x_wconf 82' lang='lat' dir='ltr'>reducere</span> <span class='ocrx_word' id='word_1_120' title='bbox 762 2602 932 2662; x_wconf 78' lang='lat' dir='ltr'>errantem,</span> <span class='ocrx_word' id='word_1_121' title='bbox 962 2592 987 2649; x_wconf 83' lang='lat' dir='ltr'>si</span> <span class='ocrx_word' id='word_1_122' title='bbox 1006 2592 1143 2648; x_wconf 92' lang='lat' dir='ltr'>Domino</span> <span class='ocrx_word' id='word_1_123' title='bbox 1163 2591 1240 2650; x_wconf 79' lang='lat' dir='ltr'>Jesu</span> 
     </span>
     <span class='ocr_line' id='line_1_20' title="bbox 192 2681 568 2761; baseline -0.013 -16"><span class='ocrx_word' id='word_1_124' title='bbox 192 2690 234 2747; x_wconf 83' lang='lat' dir='ltr'>ita</span> <span class='ocrx_word' id='word_1_125' title='bbox 251 2685 408 2761; x_wconf 77' lang='lat' dir='ltr'>placuerit.</span> <span class='ocrx_word' id='word_1_126' title='bbox 561 2681 568 2691; x_wconf 83' lang='lat'><strong>‘</strong></span> 
     </span>
    </p>

    <p class='ocr_par' dir='ltr' id='par_1_10' title="bbox 186 2776 1238 3399">
     <span class='ocr_line' id='line_1_21' title="bbox 258 2776 1237 2852; baseline 0.001 -15"><span class='ocrx_word' id='word_1_127' title='bbox 258 2781 349 2849; x_wconf 86' lang='lat' dir='ltr'>Rogo</span> <span class='ocrx_word' id='word_1_128' title='bbox 383 2778 486 2851; x_wconf 89' lang='lat' dir='ltr'>itaque</span> <span class='ocrx_word' id='word_1_129' title='bbox 516 2776 584 2834; x_wconf 82' lang='lat' dir='ltr'>Pet.</span> <span class='ocrx_word' id='word_1_130' title='bbox 617 2786 699 2835; x_wconf 87' lang='lat' dir='ltr'>tuam</span> <span class='ocrx_word' id='word_1_131' title='bbox 731 2796 787 2852; x_wconf 90' lang='lat' dir='ltr'>per</span> <span class='ocrx_word' id='word_1_132' title='bbox 820 2794 1013 2837; x_wconf 86' lang='lat' dir='ltr'>communem</span> <span class='ocrx_word' id='word_1_133' title='bbox 1048 2781 1077 2836; x_wconf 87' lang='lat' dir='ltr'>in</span> <span class='ocrx_word' id='word_1_134' title='bbox 1114 2780 1237 2838; x_wconf 84' lang='lat' dir='ltr'>Christo</span> 
     </span>
     <span class='ocr_line' id='line_1_22' title="bbox 192 2873 1236 2948; baseline -0.001 -15"><span class='ocrx_word' id='word_1_135' title='bbox 192 2877 281 2933; x_wconf 87' lang='lat' dir='ltr'>iidem</span> <span class='ocrx_word' id='word_1_136' title='bbox 302 2883 334 2929; x_wconf 89' lang='lat' dir='ltr'>et</span> <span class='ocrx_word' id='word_1_137' title='bbox 360 2874 389 2928; x_wconf 92' lang='lat' dir='ltr'>in</span> <span class='ocrx_word' id='word_1_138' title='bbox 414 2873 641 2942; x_wconf 69' lang='lat' dir='ltr'>&amp;Angustiae</span> <span class='ocrx_word' id='word_1_139' title='bbox 666 2875 905 2948; x_wconf 81' lang='lat' dir='ltr'>professionem,</span> <span class='ocrx_word' id='word_1_140' title='bbox 937 2875 964 2931; x_wconf 82' lang='lat' dir='ltr'>si</span> <span class='ocrx_word' id='word_1_141' title='bbox 990 2890 1114 2947; x_wconf 87' lang='lat' dir='ltr'>quoquo</span> <span class='ocrx_word' id='word_1_142' title='bbox 1144 2875 1236 2932; x_wconf 90' lang='lat' dir='ltr'>modo</span> 
     </span>
     <span class='ocr_line' id='line_1_23' title="bbox 190 2960 1236 3042; baseline -0.002 -17"><span class='ocrx_word' id='word_1_143' title='bbox 190 2960 303 3042; x_wconf 68' lang='lat' dir='ltr'>polerit</span> <span class='ocrx_word' id='word_1_144' title='bbox 324 2966 459 3022; x_wconf 88' lang='lat' dir='ltr'>ollieiosa</span> <span class='ocrx_word' id='word_1_145' title='bbox 483 2967 613 3022; x_wconf 86' lang='lat' dir='ltr'>charitas</span> <span class='ocrx_word' id='word_1_146' title='bbox 637 2978 704 3036; x_wconf 89' lang='lat' dir='ltr'>tua,</span> <span class='ocrx_word' id='word_1_147' title='bbox 729 2982 798 3022; x_wconf 89' lang='lat' dir='ltr'>eum</span> <span class='ocrx_word' id='word_1_148' title='bbox 823 2968 858 3022; x_wconf 90' lang='lat' dir='ltr'>ad</span> <span class='ocrx_word' id='word_1_149' title='bbox 882 2982 932 3022; x_wconf 89' lang='lat' dir='ltr'>me</span> <span class='ocrx_word' id='word_1_150' title='bbox 956 2967 1005 3023; x_wconf 83' lang='lat' dir='ltr'>vel</span> <span class='ocrx_word' id='word_1_151' title='bbox 1026 2968 1056 3023; x_wconf 91' lang='lat' dir='ltr'>in</span> <span class='ocrx_word' id='word_1_152' title='bbox 1076 2967 1236 3038; x_wconf 86' lang='lat' dir='ltr'>Dresden,</span> 
     </span>
     <span class='ocr_line' id='line_1_24' title="bbox 190 3054 1238 3130; baseline 0.002 -14"><span class='ocrx_word' id='word_1_153' title='bbox 190 3061 239 3116; x_wconf 86' lang='lat' dir='ltr'>vel</span> <span class='ocrx_word' id='word_1_154' title='bbox 256 3058 511 3129; x_wconf 83' lang='lat' dir='ltr'>Wittembergam</span> <span class='ocrx_word' id='word_1_155' title='bbox 538 3060 659 3126; x_wconf 88' lang='lat' dir='ltr'>mittas,</span> <span class='ocrx_word' id='word_1_156' title='bbox 684 3060 732 3114; x_wconf 82' lang='lat' dir='ltr'>vel</span> <span class='ocrx_word' id='word_1_157' title='bbox 760 3061 804 3114; x_wconf 93' lang='lat' dir='ltr'>ire</span> <span class='ocrx_word' id='word_1_158' title='bbox 825 3059 852 3114; x_wconf 89' lang='lat' dir='ltr'>ei</span> <span class='ocrx_word' id='word_1_159' title='bbox 873 3054 1072 3130; x_wconf 83' lang='lat' dir='ltr'>persuadeas,</span> <span class='ocrx_word' id='word_1_160' title='bbox 1092 3061 1187 3117; x_wconf 84' lang='lat' dir='ltr'>amice</span> <span class='ocrx_word' id='word_1_161' title='bbox 1206 3070 1238 3119; x_wconf 82' lang='lat' dir='ltr'>et</span> 
     </span>
     <span class='ocr_line' id='line_1_25' title="bbox 188 3152 1236 3228; baseline 0 -17"><span class='ocrx_word' id='word_1_162' title='bbox 188 3153 358 3221; x_wconf 81' lang='lat' dir='ltr'>benigniter</span> <span class='ocrx_word' id='word_1_163' title='bbox 375 3152 497 3206; x_wconf 85' lang='lat' dir='ltr'>inducas</span> <span class='ocrx_word' id='word_1_164' title='bbox 507 3187 518 3217; x_wconf 94' lang='lat'>,</span> <span class='ocrx_word' id='word_1_165' title='bbox 536 3159 570 3205; x_wconf 88' lang='lat' dir='ltr'>ut</span> <span class='ocrx_word' id='word_1_166' title='bbox 590 3160 697 3220; x_wconf 86' lang='lat' dir='ltr'>sponte</span> <span class='ocrx_word' id='word_1_167' title='bbox 713 3152 824 3207; x_wconf 79' lang='lat' dir='ltr'>veniat.</span> <span class='ocrx_word' id='word_1_168' title='bbox 859 3152 968 3213; x_wconf 83' lang='lat' dir='ltr'>Obviis</span> <span class='ocrx_word' id='word_1_169' title='bbox 985 3171 1055 3209; x_wconf 90' lang='lat' dir='ltr'>eum</span> <span class='ocrx_word' id='word_1_170' title='bbox 1073 3155 1236 3228; x_wconf 84' lang='lat' dir='ltr'>suscipiam</span> 
     </span>
     <span class='ocr_line' id='line_1_26' title="bbox 187 3244 1236 3320; baseline -0.002 -16"><span class='ocrx_word' id='word_1_171' title='bbox 187 3246 346 3312; x_wconf 86' lang='lat' dir='ltr'>manibus,</span> <span class='ocrx_word' id='word_1_172' title='bbox 364 3244 574 3299; x_wconf 88' lang='lat' dir='ltr'>tantummodo</span> <span class='ocrx_word' id='word_1_173' title='bbox 596 3244 714 3300; x_wconf 83' lang='lat' dir='ltr'>veniat:</span> <span class='ocrx_word' id='word_1_174' title='bbox 733 3261 793 3311; x_wconf 81' lang='lat' dir='ltr'>non</span> <span class='ocrx_word' id='word_1_175' title='bbox 816 3256 884 3315; x_wconf 85' lang='lat' dir='ltr'>est,</span> <span class='ocrx_word' id='word_1_176' title='bbox 905 3252 985 3320; x_wconf 87' lang='lat' dir='ltr'>quod</span> <span class='ocrx_word' id='word_1_177' title='bbox 1000 3257 1117 3305; x_wconf 86' lang='lat' dir='ltr'>metuat</span> <span class='ocrx_word' id='word_1_178' title='bbox 1139 3248 1236 3304; x_wconf 77' lang='lat' dir='ltr'>olien-</span> 
     </span>
     <span class='ocr_line' id='line_1_27' title="bbox 186 3337 399 3399; baseline -0.038 1"><span class='ocrx_word' id='word_1_179' title='bbox 186 3343 303 3399; x_wconf 82' lang='lat' dir='ltr'>sionem</span> <span class='ocrx_word' id='word_1_180' title='bbox 328 3337 399 3392; x_wconf 89' lang='lat' dir='ltr'>mei.</span> 
     </span>
    </p>

    <p class='ocr_par' dir='ltr' id='par_1_11' title="bbox 173 3431 1235 4162">
     <span class='ocr_line' id='line_1_28' title="bbox 254 3431 1235 3501; baseline 0.005 -13"><span class='ocrx_word' id='word_1_181' title='bbox 254 3434 342 3500; x_wconf 89' lang='lat' dir='ltr'>Scio,</span> <span class='ocrx_word' id='word_1_182' title='bbox 368 3431 452 3490; x_wconf 73' lang='lat' dir='ltr'>seio.</span> <span class='ocrx_word' id='word_1_183' title='bbox 477 3431 560 3501; x_wconf 86' lang='lat' dir='ltr'>qaod</span> <span class='ocrx_word' id='word_1_184' title='bbox 579 3446 705 3487; x_wconf 72' lang='lat' dir='ltr'>necesse</span> <span class='ocrx_word' id='word_1_185' title='bbox 728 3431 768 3488; x_wconf 88' lang='lat' dir='ltr'>sit</span> <span class='ocrx_word' id='word_1_186' title='bbox 786 3434 925 3488; x_wconf 83' lang='lat' dir='ltr'>seandala</span> <span class='ocrx_word' id='word_1_187' title='bbox 947 3435 1072 3490; x_wconf 85' lang='lat' dir='ltr'>venire:</span> <span class='ocrx_word' id='word_1_188' title='bbox 1100 3452 1159 3492; x_wconf 89' lang='lat' dir='ltr'>nec</span> <span class='ocrx_word' id='word_1_189' title='bbox 1186 3443 1235 3493; x_wconf 86' lang='lat' dir='ltr'>est</span> 
     </span>
     <span class='ocr_line' id='line_1_29' title="bbox 185 3524 1232 3586; baseline 0 -1"><span class='ocrx_word' id='word_1_190' title='bbox 185 3528 366 3586; x_wconf 74' lang='lat' dir='ltr'>miraculum</span> <span class='ocrx_word' id='word_1_191' title='bbox 387 3524 542 3579; x_wconf 89' lang='lat' dir='ltr'>hominem</span> <span class='ocrx_word' id='word_1_192' title='bbox 566 3526 693 3581; x_wconf 85' lang='lat' dir='ltr'>cadere:</span> <span class='ocrx_word' id='word_1_193' title='bbox 719 3527 772 3581; x_wconf 88' lang='lat' dir='ltr'>sed</span> <span class='ocrx_word' id='word_1_194' title='bbox 800 3528 977 3584; x_wconf 87' lang='lat' dir='ltr'>miraculum</span> <span class='ocrx_word' id='word_1_195' title='bbox 1004 3538 1051 3585; x_wconf 85' lang='lat' dir='ltr'>eet</span> <span class='ocrx_word' id='word_1_196' title='bbox 1073 3529 1232 3585; x_wconf 89' lang='lat' dir='ltr'>homiaem</span> 
     </span>
     <span class='ocr_line' id='line_1_30' title="bbox 182 3607 1231 3692; baseline -0.003 -11"><span class='ocrx_word' id='word_1_197' title='bbox 182 3638 306 3692; x_wconf 78' lang='lat' dir='ltr'>surgere</span> <span class='ocrx_word' id='word_1_198' title='bbox 322 3631 352 3675; x_wconf 89' lang='lat' dir='ltr'>et</span> <span class='ocrx_word' id='word_1_199' title='bbox 364 3628 454 3675; x_wconf 84' lang='lat' dir='ltr'>stare.</span> <span class='ocrx_word' id='word_1_200' title='bbox 474 3617 592 3675; x_wconf 84' lang='lat' dir='ltr'>Cecidit</span> <span class='ocrx_word' id='word_1_201' title='bbox 610 3618 738 3686; x_wconf 83' lang='lat' dir='ltr'>Petrus,</span> <span class='ocrx_word' id='word_1_202' title='bbox 756 3631 790 3676; x_wconf 87' lang='lat' dir='ltr'>ut</span> <span class='ocrx_word' id='word_1_203' title='bbox 807 3619 962 3676; x_wconf 88' lang='lat' dir='ltr'>hominem</span> <span class='ocrx_word' id='word_1_204' title='bbox 981 3636 1015 3678; x_wconf 91' lang='lat' dir='ltr'>ee</span> <span class='ocrx_word' id='word_1_205' title='bbox 1033 3607 1129 3678; x_wconf 69' lang='lat' dir='ltr'>eoiret</span> <span class='ocrx_word' id='word_1_206' title='bbox 1145 3637 1231 3679; x_wconf 86' lang='lat' dir='ltr'>esse:</span> 
     </span>
     <span class='ocr_line' id='line_1_31' title="bbox 182 3713 1231 3786; baseline -0.005 -12"><span class='ocrx_word' id='word_1_207' title='bbox 182 3719 293 3775; x_wconf 88' lang='lat' dir='ltr'>cadunt</span> <span class='ocrx_word' id='word_1_208' title='bbox 312 3714 403 3770; x_wconf 87' lang='lat' dir='ltr'>hodie</span> <span class='ocrx_word' id='word_1_209' title='bbox 426 3729 547 3786; x_wconf 88' lang='lat' dir='ltr'>quoque</span> <span class='ocrx_word' id='word_1_210' title='bbox 570 3713 651 3769; x_wconf 88' lang='lat' dir='ltr'>cedri</span> <span class='ocrx_word' id='word_1_211' title='bbox 671 3713 795 3781; x_wconf 89' lang='lat' dir='ltr'>Libani,</span> <span class='ocrx_word' id='word_1_212' title='bbox 814 3714 864 3784; x_wconf 89' lang='lat' dir='ltr'>qui</span> <span class='ocrx_word' id='word_1_213' title='bbox 881 3714 975 3769; x_wconf 85' lang='lat' dir='ltr'>coeloe</span> <span class='ocrx_word' id='word_1_214' title='bbox 994 3716 1111 3771; x_wconf 84' lang='lat' dir='ltr'>vertice</span> <span class='ocrx_word' id='word_1_215' title='bbox 1131 3724 1231 3770; x_wconf 83' lang='lat' dir='ltr'>stante</span> 
     </span>
     <span class='ocr_line' id='line_1_32' title="bbox 181 3806 1226 3880; baseline -0.003 -13"><span class='ocrx_word' id='word_1_216' title='bbox 181 3813 344 3879; x_wconf 84' lang='lat' dir='ltr'>attingunt:</span> <span class='ocrx_word' id='word_1_217' title='bbox 370 3807 423 3862; x_wconf 85' lang='lat' dir='ltr'>sed</span> <span class='ocrx_word' id='word_1_218' title='bbox 444 3820 474 3861; x_wconf 90' lang='lat' dir='ltr'>et</span> <span class='ocrx_word' id='word_1_219' title='bbox 499 3806 632 3876; x_wconf 78' lang='lat' dir='ltr'>Angelus</span> <span class='ocrx_word' id='word_1_220' title='bbox 657 3808 763 3878; x_wconf 89' lang='lat' dir='ltr'>(quod</span> <span class='ocrx_word' id='word_1_221' title='bbox 784 3808 883 3862; x_wconf 88' lang='lat' dir='ltr'>omnia</span> <span class='ocrx_word' id='word_1_222' title='bbox 910 3807 1056 3878; x_wconf 85' lang='lat' dir='ltr'>stupenda</span> <span class='ocrx_word' id='word_1_223' title='bbox 1080 3808 1226 3880; x_wconf 83' lang='lat' dir='ltr'>superat)</span> 
     </span>
     <span class='ocr_line' id='line_1_33' title="bbox 178 3899 1226 3976; baseline -0.007 -14"><span class='ocrx_word' id='word_1_224' title='bbox 178 3908 209 3962; x_wconf 92' lang='lat' dir='ltr'>in</span> <span class='ocrx_word' id='word_1_225' title='bbox 228 3907 305 3960; x_wconf 81' lang='lat' dir='ltr'>coelo</span> <span class='ocrx_word' id='word_1_226' title='bbox 323 3901 449 3968; x_wconf 82' lang='lat' dir='ltr'>cecidit,</span> <span class='ocrx_word' id='word_1_227' title='bbox 469 3912 500 3955; x_wconf 87' lang='lat' dir='ltr'>et</span> <span class='ocrx_word' id='word_1_228' title='bbox 524 3902 620 3954; x_wconf 80' lang='lat' dir='ltr'>Adam</span> <span class='ocrx_word' id='word_1_229' title='bbox 637 3902 667 3956; x_wconf 91' lang='lat' dir='ltr'>in</span> <span class='ocrx_word' id='word_1_230' title='bbox 684 3900 841 3957; x_wconf 85' lang='lat' dir='ltr'>Paradiso.</span> <span class='ocrx_word' id='word_1_231' title='bbox 877 3899 959 3976; x_wconf 78' lang='lat' dir='ltr'>Quid</span> <span class='ocrx_word' id='word_1_232' title='bbox 981 3901 1093 3957; x_wconf 88' lang='lat' dir='ltr'>mirum</span> <span class='ocrx_word' id='word_1_233' title='bbox 1111 3901 1226 3974; x_wconf 76' lang='lat' dir='ltr'>igitar,</span> 
     </span>
     <span class='ocr_line' id='line_1_34' title="bbox 176 3994 1227 4065; baseline -0.004 -10"><span class='ocrx_word' id='word_1_234' title='bbox 176 4001 203 4056; x_wconf 91' lang='lat' dir='ltr'>si</span> <span class='ocrx_word' id='word_1_235' title='bbox 218 3998 333 4054; x_wconf 87' lang='lat' dir='ltr'>arundo</span> <span class='ocrx_word' id='word_1_236' title='bbox 352 3999 481 4065; x_wconf 84' lang='lat' dir='ltr'>agitetur</span> <span class='ocrx_word' id='word_1_237' title='bbox 501 3994 637 4062; x_wconf 88' lang='lat' dir='ltr'>turbine,</span> <span class='ocrx_word' id='word_1_238' title='bbox 663 4006 694 4051; x_wconf 88' lang='lat' dir='ltr'>et</span> <span class='ocrx_word' id='word_1_239' title='bbox 716 3994 820 4050; x_wconf 84' lang='lat' dir='ltr'>limum</span> <span class='ocrx_word' id='word_1_240' title='bbox 841 3994 989 4062; x_wconf 78' lang='lat' dir='ltr'>fumigane</span> <span class='ocrx_word' id='word_1_241' title='bbox 1007 3996 1227 4064; x_wconf 80' lang='lat' dir='ltr'>extinguatur?</span> 
     </span>
     <span class='ocr_line' id='line_1_35' title="bbox 173 4086 1227 4162; baseline -0.006 -10"><span class='ocrx_word' id='word_1_242' title='bbox 173 4092 329 4152; x_wconf 84' lang='lat' dir='ltr'>Dominus</span> <span class='ocrx_word' id='word_1_243' title='bbox 351 4088 444 4146; x_wconf 61' lang='lat' dir='ltr'>«lesus</span> <span class='ocrx_word' id='word_1_244' title='bbox 471 4087 580 4144; x_wconf 84' lang='lat' dir='ltr'>doceat</span> <span class='ocrx_word' id='word_1_245' title='bbox 605 4095 654 4158; x_wconf 89' lang='lat' dir='ltr'>te,</span> <span class='ocrx_word' id='word_1_246' title='bbox 682 4097 713 4146; x_wconf 89' lang='lat' dir='ltr'>et</span> <span class='ocrx_word' id='word_1_247' title='bbox 738 4088 828 4145; x_wconf 75' lang='lat' dir='ltr'>faeiat</span> <span class='ocrx_word' id='word_1_248' title='bbox 853 4097 956 4145; x_wconf 87' lang='lat' dir='ltr'>tecum</span> <span class='ocrx_word' id='word_1_249' title='bbox 981 4097 1072 4162; x_wconf 86' lang='lat' dir='ltr'>atque</span> <span class='ocrx_word' id='word_1_250' title='bbox 1088 4086 1227 4162; x_wconf 79' lang='lat' dir='ltr'>perficiet</span> 
     </span>
    </p>
   </div>
   <div class='ocr_carea' id='block_1_10' title="bbox 0 0 1292 4732">
    <p class='ocr_par' dir='ltr' id='par_1_12' title="bbox 0 0 1292 4732">
     <span class='ocr_line' id='line_1_36' title="bbox 0 0 1292 4732; baseline 0 6"><span class='ocrx_word' id='word_1_251' title='bbox 0 0 1292 4732; x_wconf 95' lang='lat' dir='ltr'> </span> 
     </span>
    </p>
   </div>
  </div>
 </body>
</html>
