<?xml version="1.0" encoding="UTF-8"?>
<!DOCTYPE html PUBLIC "-//W3C//DTD XHTML 1.0 Transitional//EN"
    "http://www.w3.org/TR/xhtml1/DTD/xhtml1-transitional.dtd">
<html xmlns="http://www.w3.org/1999/xhtml" xml:lang="en" lang="en">
 <head>
  <title>
</title>
<meta http-equiv="Content-Type" content="text/html;charset=utf-8" />
  <meta name='ocr-system' content='tesseract 3.04.00' />
  <meta name='ocr-capabilities' content='ocr_page ocr_carea ocr_par ocr_line ocrx_word'/>
</head>
<body>
  <div class='ocr_page' id='page_1' title='image "./briefesendschre04luthgoog/briefesendschre04luthgoog_0175.png"; bbox 0 0 2574 4732; ppageno 0'>
   <div class='ocr_carea' id='block_1_1' title="bbox 162 325 727 399">
    <p class='ocr_par' dir='ltr' id='par_1_1' title="bbox 162 325 727 399">
     <span class='ocr_line' id='line_1_1' title="bbox 162 325 727 399; baseline -0.002 -10"><span class='ocrx_word' id='word_1_1' title='bbox 162 334 222 399; x_wconf 80' lang='grc'><strong>138</strong></span> <span class='ocrx_word' id='word_1_2' title='bbox 637 325 727 390; x_wconf 76' lang='grc'><strong>1618.</strong></span> 
     </span>
    </p>
   </div>
   <div class='ocr_carea' id='block_1_2' title="bbox 99 479 1208 2153">
    <p class='ocr_par' dir='ltr' id='par_1_2' title="bbox 99 479 1208 1401">
     <span class='ocr_line' id='line_1_2' title="bbox 228 479 1207 562; baseline -0.005 -20"><span class='ocrx_word' id='word_1_3' title='bbox 228 487 344 543; x_wconf 87' lang='lat' dir='ltr'><strong>Horum</strong></span> <span class='ocrx_word' id='word_1_4' title='bbox 361 483 439 539; x_wconf 88' lang='lat' dir='ltr'><strong>enirn</strong></span> <span class='ocrx_word' id='word_1_5' title='bbox 460 482 592 554; x_wconf 85' lang='lat' dir='ltr'><strong>studium</strong></span> <span class='ocrx_word' id='word_1_6' title='bbox 607 493 669 562; x_wconf 83' lang='lat' dir='ltr'><strong>est.</strong></span> <span class='ocrx_word' id='word_1_7' title='bbox 689 479 842 550; x_wconf 82' lang='lat' dir='ltr'><strong>atriden,</strong></span> <span class='ocrx_word' id='word_1_8' title='bbox 861 496 898 537; x_wconf 83' lang='lat' dir='ltr'><strong>ue</strong></span> <span class='ocrx_word' id='word_1_9' title='bbox 917 496 1039 551; x_wconf 78' lang='lat' dir='ltr'><strong>regnum</strong></span> <span class='ocrx_word' id='word_1_10' title='bbox 1058 482 1207 550; x_wconf 87' lang='lat' dir='ltr'><strong>veritatis,</strong></span> 
     </span>
     <span class='ocr_line' id='line_1_3' title="bbox 160 562 1207 650; baseline -0.009 -11"><span class='ocrx_word' id='word_1_11' title='bbox 160 582 190 639; x_wconf 85' lang='lat' dir='ltr'><strong>iu</strong></span> <span class='ocrx_word' id='word_1_12' title='bbox 209 591 272 650; x_wconf 88' lang='lat' dir='ltr'><strong>est,</strong></span> <span class='ocrx_word' id='word_1_13' title='bbox 292 579 405 634; x_wconf 84' lang='lat' dir='ltr'>Christi</span> <span class='ocrx_word' id='word_1_14' title='bbox 425 579 464 634; x_wconf 87' lang='lat' dir='ltr'><strong>sit</strong></span> <span class='ocrx_word' id='word_1_15' title='bbox 483 594 609 647; x_wconf 79' lang='lat' dir='ltr'><strong>regnum</strong></span> <span class='ocrx_word' id='word_1_16' title='bbox 629 576 765 634; x_wconf 85' lang='lat' dir='ltr'><strong>veritatis</strong></span> <span class='ocrx_word' id='word_1_17' title='bbox 772 615 783 646; x_wconf 90' lang='lat'><strong>,</strong></span> <span class='ocrx_word' id='word_1_18' title='bbox 802 576 873 632; x_wconf 87' lang='lat' dir='ltr'><strong>dum</strong></span> <span class='ocrx_word' id='word_1_19' title='bbox 891 592 950 632; x_wconf 90' lang='lat' dir='ltr'><strong>uno</strong></span> <span class='ocrx_word' id='word_1_20' title='bbox 969 562 1074 630; x_wconf 76' lang='lat' dir='ltr'><strong>furore</strong></span> <span class='ocrx_word' id='word_1_21' title='bbox 1087 576 1115 630; x_wconf 91' lang='lat' dir='ltr'><strong>id</strong></span> <span class='ocrx_word' id='word_1_22' title='bbox 1131 586 1207 631; x_wconf 85' lang='lat' dir='ltr'><strong>sats.</strong></span> 
     </span>
     <span class='ocr_line' id='line_1_4' title="bbox 160 670 1205 746; baseline -0.004 -16"><span class='ocrx_word' id='word_1_23' title='bbox 160 685 253 746; x_wconf 79' lang='lat' dir='ltr'><strong>gunt,</strong></span> <span class='ocrx_word' id='word_1_24' title='bbox 275 690 313 729; x_wconf 88' lang='lat' dir='ltr'><strong>ne</strong></span> <span class='ocrx_word' id='word_1_25' title='bbox 331 673 443 737; x_wconf 84' lang='lat' dir='ltr'><strong>veritas</strong></span> <span class='ocrx_word' id='word_1_26' title='bbox 462 672 491 728; x_wconf 90' lang='lat' dir='ltr'><strong>in</strong></span> <span class='ocrx_word' id='word_1_27' title='bbox 512 688 605 742; x_wconf 78' lang='lat' dir='ltr'><strong>regno</strong></span> <span class='ocrx_word' id='word_1_28' title='bbox 626 687 683 728; x_wconf 87' lang='lat' dir='ltr'><strong>suo</strong></span> <span class='ocrx_word' id='word_1_29' title='bbox 696 670 826 742; x_wconf 80' lang='lat' dir='ltr'><strong>proprio</strong></span> <span class='ocrx_word' id='word_1_30' title='bbox 846 670 980 726; x_wconf 77' lang='lat' dir='ltr'><strong>audiatur</strong></span> <span class='ocrx_word' id='word_1_31' title='bbox 1002 680 1032 724; x_wconf 93' lang='lat' dir='ltr'><strong>et</strong></span> <span class='ocrx_word' id='word_1_32' title='bbox 1050 678 1205 727; x_wconf 79' lang='lat' dir='ltr'><strong>tractetur.</strong></span> 
     </span>
     <span class='ocr_line' id='line_1_5' title="bbox 160 764 1206 838; baseline -0.008 -11"><span class='ocrx_word' id='word_1_33' title='bbox 160 769 228 837; x_wconf 78' lang='lat' dir='ltr'><strong>Ego</strong></span> <span class='ocrx_word' id='word_1_34' title='bbox 244 784 292 822; x_wconf 88' lang='lat' dir='ltr'><strong>me</strong></span> <span class='ocrx_word' id='word_1_35' title='bbox 313 776 428 838; x_wconf 89' lang='lat' dir='ltr'><strong>partem</strong></span> <span class='ocrx_word' id='word_1_36' title='bbox 450 766 541 835; x_wconf 88' lang='lat' dir='ltr'><strong>hujus</strong></span> <span class='ocrx_word' id='word_1_37' title='bbox 558 766 642 835; x_wconf 81' lang='lat' dir='ltr'><strong>regni</strong></span> <span class='ocrx_word' id='word_1_38' title='bbox 661 764 724 820; x_wconf 83' lang='lat' dir='ltr'><strong>fieri</strong></span> <span class='ocrx_word' id='word_1_39' title='bbox 744 765 852 838; x_wconf 88' lang='lat' dir='ltr'><strong>cupio,</strong></span> <span class='ocrx_word' id='word_1_40' title='bbox 878 765 985 820; x_wconf 88' lang='lat' dir='ltr'><strong>sinon</strong></span> <span class='ocrx_word' id='word_1_41' title='bbox 1006 766 1106 819; x_wconf 84' lang='lat' dir='ltr'><strong>veraci</strong></span> <span class='ocrx_word' id='word_1_42' title='bbox 1128 764 1206 834; x_wconf 83' lang='lat' dir='ltr'><strong>vita,</strong></span> 
     </span>
     <span class='ocr_line' id='line_1_6' title="bbox 160 858 1208 929; baseline -0.007 -11"><span class='ocrx_word' id='word_1_43' title='bbox 160 875 245 919; x_wconf 87' lang='lat' dir='ltr'><strong>certe</strong></span> <span class='ocrx_word' id='word_1_44' title='bbox 269 871 369 916; x_wconf 89' lang='lat' dir='ltr'><strong>tamen</strong></span> <span class='ocrx_word' id='word_1_45' title='bbox 394 859 495 915; x_wconf 82' lang='lat' dir='ltr'><strong>veraci</strong></span> <span class='ocrx_word' id='word_1_46' title='bbox 526 858 623 928; x_wconf 74' lang='lat' dir='ltr'><strong>lingua</strong></span> <span class='ocrx_word' id='word_1_47' title='bbox 651 865 682 912; x_wconf 89' lang='lat' dir='ltr'><strong>et</strong></span> <span class='ocrx_word' id='word_1_48' title='bbox 713 859 828 927; x_wconf 87' lang='lat' dir='ltr'><strong>corde,</strong></span> <span class='ocrx_word' id='word_1_49' title='bbox 857 866 1022 929; x_wconf 86' lang='lat' dir='ltr'><strong>utcumque</strong></span> <span class='ocrx_word' id='word_1_50' title='bbox 1052 858 1208 912; x_wconf 84' lang='lat' dir='ltr'><strong>emendata</strong></span> 
     </span>
     <span class='ocr_line' id='line_1_7' title="bbox 99 951 1207 1024; baseline -0.007 -11"><span class='ocrx_word' id='word_1_51' title='bbox 99 955 102 965; x_wconf 87' lang='grc'><strong>“</strong></span> <span class='ocrx_word' id='word_1_52' title='bbox 160 957 268 1013; x_wconf 87' lang='lat' dir='ltr'><strong>saltem</strong></span> <span class='ocrx_word' id='word_1_53' title='bbox 286 970 358 1008; x_wconf 85' lang='lat' dir='ltr'><strong>vere</strong></span> <span class='ocrx_word' id='word_1_54' title='bbox 376 952 549 1009; x_wconf 79' lang='lat' dir='ltr'><strong>confitente.</strong></span> <span class='ocrx_word' id='word_1_55' title='bbox 583 951 625 1009; x_wconf 88' lang='lat' dir='ltr'><strong>Et</strong></span> <span class='ocrx_word' id='word_1_56' title='bbox 644 969 700 1022; x_wconf 76' lang='lat' dir='ltr'><strong>ego</strong></span> <span class='ocrx_word' id='word_1_57' title='bbox 715 951 877 1022; x_wconf 88' lang='lat' dir='ltr'><strong>experior,</strong></span> <span class='ocrx_word' id='word_1_58' title='bbox 894 951 1040 1024; x_wconf 85' lang='lat' dir='ltr'><strong>populum</strong></span> <span class='ocrx_word' id='word_1_59' title='bbox 1055 952 1207 1023; x_wconf 85' lang='lat' dir='ltr'><strong>suspirare</strong></span> 
     </span>
     <span class='ocr_line' id='line_1_8' title="bbox 159 1045 1205 1120; baseline -0.006 -13"><span class='ocrx_word' id='word_1_60' title='bbox 159 1065 270 1107; x_wconf 86' lang='lat' dir='ltr'><strong>vocem</strong></span> <span class='ocrx_word' id='word_1_61' title='bbox 290 1048 420 1120; x_wconf 83' lang='lat' dir='ltr'><strong>pastoris</strong></span> <span class='ocrx_word' id='word_1_62' title='bbox 437 1047 482 1102; x_wconf 87' lang='lat' dir='ltr'><strong>sni</strong></span> <span class='ocrx_word' id='word_1_63' title='bbox 501 1045 631 1109; x_wconf 81' lang='lat' dir='ltr'><strong>Christi,</strong></span> <span class='ocrx_word' id='word_1_64' title='bbox 660 1055 691 1100; x_wconf 89' lang='lat' dir='ltr'><strong>et</strong></span> <span class='ocrx_word' id='word_1_65' title='bbox 713 1047 792 1101; x_wconf 89' lang='lat' dir='ltr'><strong>miro</strong></span> <span class='ocrx_word' id='word_1_66' title='bbox 815 1045 916 1101; x_wconf 87' lang='lat' dir='ltr'><strong>studio</strong></span> <span class='ocrx_word' id='word_1_67' title='bbox 935 1046 965 1100; x_wconf 89' lang='lat' dir='ltr'><strong>in</strong></span> <span class='ocrx_word' id='word_1_68' title='bbox 983 1060 1084 1103; x_wconf 87' lang='lat' dir='ltr'><strong>sacras</strong></span> <span class='ocrx_word' id='word_1_69' title='bbox 1103 1046 1205 1101; x_wconf 82' lang='lat' dir='ltr'><strong>literar</strong></span> 
     </span>
     <span class='ocr_line' id='line_1_9' title="bbox 160 1137 1206 1210; baseline -0.009 -12"><span class='ocrx_word' id='word_1_70' title='bbox 160 1143 279 1198; x_wconf 75' lang='lat' dir='ltr'><strong>fervere</strong></span> <span class='ocrx_word' id='word_1_71' title='bbox 294 1142 382 1195; x_wconf 89' lang='lat' dir='ltr'><strong>etiam</strong></span> <span class='ocrx_word' id='word_1_72' title='bbox 401 1139 617 1195; x_wconf 83' lang='lat' dir='ltr'><strong>adolescentes.</strong></span> <span class='ocrx_word' id='word_1_73' title='bbox 649 1137 754 1210; x_wconf 81' lang='lat' dir='ltr'><strong>Coepta</strong></span> <span class='ocrx_word' id='word_1_74' title='bbox 766 1144 813 1194; x_wconf 86' lang='lat' dir='ltr'><strong>est</strong></span> <span class='ocrx_word' id='word_1_75' title='bbox 829 1138 906 1210; x_wconf 89' lang='lat' dir='ltr'><strong>apud</strong></span> <span class='ocrx_word' id='word_1_76' title='bbox 918 1153 975 1194; x_wconf 90' lang='lat' dir='ltr'><strong>nos</strong></span> <span class='ocrx_word' id='word_1_77' title='bbox 988 1138 1097 1195; x_wconf 70' lang='lat' dir='ltr'><strong>Graeca</strong></span> <span class='ocrx_word' id='word_1_78' title='bbox 1107 1140 1206 1194; x_wconf 89' lang='lat' dir='ltr'><strong>lectu.</strong></span> 
     </span>
     <span class='ocr_line' id='line_1_10' title="bbox 159 1230 1207 1304; baseline -0.004 -13"><span class='ocrx_word' id='word_1_79' title='bbox 159 1253 213 1304; x_wconf 83' lang='lat' dir='ltr'><strong>ra,</strong></span> <span class='ocrx_word' id='word_1_80' title='bbox 231 1236 435 1304; x_wconf 73' lang='lat' dir='ltr'><strong>graeciscamus</strong></span> <span class='ocrx_word' id='word_1_81' title='bbox 450 1239 697 1304; x_wconf 79' lang='lat' dir='ltr'><strong>omnespropter</strong></span> <span class='ocrx_word' id='word_1_82' title='bbox 708 1230 894 1287; x_wconf 88' lang='lat' dir='ltr'><strong>intellectum</strong></span> <span class='ocrx_word' id='word_1_83' title='bbox 908 1231 1028 1289; x_wconf 83' lang='lat' dir='ltr'><strong>Bibliae:</strong></span> <span class='ocrx_word' id='word_1_84' title='bbox 1046 1232 1207 1289; x_wconf 78' lang='lat' dir='ltr'><strong>Hebraeum</strong></span> 
     </span>
     <span class='ocr_line' id='line_1_11' title="bbox 160 1323 1069 1401; baseline -0.002 -17"><span class='ocrx_word' id='word_1_85' title='bbox 160 1339 354 1401; x_wconf 75' lang='lat' dir='ltr'><strong>expectamus</strong></span> <span class='ocrx_word' id='word_1_86' title='bbox 373 1325 482 1393; x_wconf 86' lang='lat' dir='ltr'><strong>etiam,</strong></span> <span class='ocrx_word' id='word_1_87' title='bbox 502 1335 533 1379; x_wconf 90' lang='lat' dir='ltr'><strong>et</strong></span> <span class='ocrx_word' id='word_1_88' title='bbox 549 1324 697 1397; x_wconf 89' lang='lat' dir='ltr'><strong>Princeps</strong></span> <span class='ocrx_word' id='word_1_89' title='bbox 715 1324 746 1379; x_wconf 91' lang='lat' dir='ltr'><strong>iu</strong></span> <span class='ocrx_word' id='word_1_90' title='bbox 762 1323 826 1379; x_wconf 90' lang='lat' dir='ltr'><strong>hoc</strong></span> <span class='ocrx_word' id='word_1_91' title='bbox 843 1340 946 1379; x_wconf 88' lang='lat' dir='ltr'><strong>euram</strong></span> <span class='ocrx_word' id='word_1_92' title='bbox 964 1325 1069 1382; x_wconf 85' lang='lat' dir='ltr'><strong>habet.</strong></span> 
     </span>
    </p>

    <p class='ocr_par' dir='ltr' id='par_1_3' title="bbox 154 1417 1208 2153">
     <span class='ocr_line' id='line_1_12' title="bbox 239 1417 1207 1491; baseline 0.001 -17"><span class='ocrx_word' id='word_1_93' title='bbox 239 1419 337 1474; x_wconf 81' lang='lat' dir='ltr'><strong>Habui</strong></span> <span class='ocrx_word' id='word_1_94' title='bbox 361 1434 534 1475; x_wconf 88' lang='lat' dir='ltr'><strong>sermonem</strong></span> <span class='ocrx_word' id='word_1_95' title='bbox 560 1420 597 1474; x_wconf 91' lang='lat' dir='ltr'><strong>de</strong></span> <span class='ocrx_word' id='word_1_96' title='bbox 623 1417 936 1491; x_wconf 63' lang='lat' dir='ltr'><strong>excommunicatione</strong></span> <span class='ocrx_word' id='word_1_97' title='bbox 958 1419 1207 1490; x_wconf 79' lang='lat' dir='ltr'><strong>Wittembergae,</strong></span> 
     </span>
     <span class='ocr_line' id='line_1_13' title="bbox 159 1512 1206 1586; baseline -0.002 -15"><span class='ocrx_word' id='word_1_98' title='bbox 159 1515 355 1571; x_wconf 83' lang='lat' dir='ltr'><strong>vehementer</strong></span> <span class='ocrx_word' id='word_1_99' title='bbox 387 1514 591 1570; x_wconf 78' lang='lat' dir='ltr'><strong>neceesarium</strong></span> <span class='ocrx_word' id='word_1_100' title='bbox 626 1512 739 1586; x_wconf 89' lang='lat' dir='ltr'><strong>populo</strong></span> <span class='ocrx_word' id='word_1_101' title='bbox 765 1521 889 1586; x_wconf 90' lang='lat' dir='ltr'><strong>propter</strong></span> <span class='ocrx_word' id='word_1_102' title='bbox 919 1512 1006 1568; x_wconf 85' lang='lat' dir='ltr'><strong>duras</strong></span> <span class='ocrx_word' id='word_1_103' title='bbox 1037 1512 1206 1569; x_wconf 86' lang='lat' dir='ltr'><strong>officialium</strong></span> 
     </span>
     <span class='ocr_line' id='line_1_14' title="bbox 159 1595 1205 1685; baseline 0 -21"><span class='ocrx_word' id='word_1_104' title='bbox 159 1607 337 1677; x_wconf 62' lang='lat' dir='ltr'><strong>vexationes</strong></span> <span class='ocrx_word' id='word_1_105' title='bbox 359 1608 389 1668; x_wconf 89' lang='lat' dir='ltr'><strong>in</strong></span> <span class='ocrx_word' id='word_1_106' title='bbox 414 1609 558 1682; x_wconf 88' lang='lat' dir='ltr'><strong>populum</strong></span> <span class='ocrx_word' id='word_1_107' title='bbox 583 1616 732 1672; x_wconf 85' lang='lat' dir='ltr'><strong>nostrum.</strong></span> <span class='ocrx_word' id='word_1_108' title='bbox 774 1595 876 1685; x_wconf 74' lang='lat' dir='ltr'><strong>Quem</strong></span> <span class='ocrx_word' id='word_1_109' title='bbox 896 1623 966 1666; x_wconf 84' lang='lat' dir='ltr'><strong>eum</strong></span> <span class='ocrx_word' id='word_1_110' title='bbox 985 1622 1089 1664; x_wconf 89' lang='lat' dir='ltr'><strong>omnes</strong></span> <span class='ocrx_word' id='word_1_111' title='bbox 1108 1610 1205 1664; x_wconf 83' lang='lat' dir='ltr'><strong>nostri</strong></span> 
     </span>
     <span class='ocr_line' id='line_1_15' title="bbox 154 1700 1203 1775; baseline -0.002 -18"><span class='ocrx_word' id='word_1_112' title='bbox 154 1702 271 1774; x_wconf 77' lang='lat' dir='ltr'><strong>juristar</strong></span> <span class='ocrx_word' id='word_1_113' title='bbox 301 1711 332 1758; x_wconf 94' lang='lat' dir='ltr'><strong>et</strong></span> <span class='ocrx_word' id='word_1_114' title='bbox 360 1700 495 1775; x_wconf 78' lang='lat' dir='ltr'><strong>theologi</strong></span> <span class='ocrx_word' id='word_1_115' title='bbox 525 1701 657 1774; x_wconf 87' lang='lat' dir='ltr'><strong>probant</strong></span> <span class='ocrx_word' id='word_1_116' title='bbox 686 1700 839 1771; x_wconf 79' lang='lat' dir='ltr'><strong>maxime,</strong></span> <span class='ocrx_word' id='word_1_117' title='bbox 874 1701 984 1758; x_wconf 87' lang='lat' dir='ltr'><strong>mirum</strong></span> <span class='ocrx_word' id='word_1_118' title='bbox 1010 1709 1109 1757; x_wconf 87' lang='lat' dir='ltr'><strong>tamen</strong></span> <span class='ocrx_word' id='word_1_119' title='bbox 1137 1707 1203 1770; x_wconf 89' lang='lat' dir='ltr'><strong>cst,</strong></span> 
     </span>
     <span class='ocr_line' id='line_1_16' title="bbox 162 1787 1204 1869; baseline -0.003 -17"><span class='ocrx_word' id='word_1_120' title='bbox 162 1804 272 1869; x_wconf 86' lang='lat' dir='ltr'><strong>quanta</strong></span> <span class='ocrx_word' id='word_1_121' title='bbox 291 1795 427 1852; x_wconf 87' lang='lat' dir='ltr'><strong>incendia</strong></span> <span class='ocrx_word' id='word_1_122' title='bbox 443 1795 517 1851; x_wconf 90' lang='lat' dir='ltr'><strong>mihi</strong></span> <span class='ocrx_word' id='word_1_123' title='bbox 538 1812 578 1851; x_wconf 86' lang='lat' dir='ltr'><strong>ex</strong></span> <span class='ocrx_word' id='word_1_124' title='bbox 594 1794 646 1852; x_wconf 91' lang='lat' dir='ltr'><strong>illo</strong></span> <span class='ocrx_word' id='word_1_125' title='bbox 662 1796 792 1853; x_wconf 83' lang='lat' dir='ltr'><strong>conflare</strong></span> <span class='ocrx_word' id='word_1_126' title='bbox 809 1787 977 1852; x_wconf 71' lang='lat' dir='ltr'><strong>studuerint</strong></span> <span class='ocrx_word' id='word_1_127' title='bbox 992 1793 1204 1850; x_wconf 82' lang='lat' dir='ltr'><strong>observatores</strong></span> 
     </span>
     <span class='ocr_line' id='line_1_17' title="bbox 160 1888 1206 1962; baseline -0.004 -18"><span class='ocrx_word' id='word_1_128' title='bbox 160 1899 282 1946; x_wconf 79' lang='lat' dir='ltr'><strong>atroces</strong></span> <span class='ocrx_word' id='word_1_129' title='bbox 305 1891 412 1960; x_wconf 87' lang='lat' dir='ltr'><strong>nimis,</strong></span> <span class='ocrx_word' id='word_1_130' title='bbox 439 1890 489 1960; x_wconf 84' lang='lat' dir='ltr'><strong>qui</strong></span> <span class='ocrx_word' id='word_1_131' title='bbox 516 1900 634 1962; x_wconf 91' lang='lat' dir='ltr'><strong>raptum</strong></span> <span class='ocrx_word' id='word_1_132' title='bbox 653 1904 693 1946; x_wconf 88' lang='lat' dir='ltr'><strong>ex</strong></span> <span class='ocrx_word' id='word_1_133' title='bbox 710 1906 764 1946; x_wconf 89' lang='lat' dir='ltr'><strong>ore</strong></span> <span class='ocrx_word' id='word_1_134' title='bbox 782 1905 853 1944; x_wconf 83' lang='lat' dir='ltr'><strong>mea</strong></span> <span class='ocrx_word' id='word_1_135' title='bbox 870 1889 900 1945; x_wconf 90' lang='lat' dir='ltr'><strong>in</strong></span> <span class='ocrx_word' id='word_1_136' title='bbox 918 1888 1060 1946; x_wconf 86' lang='lat' dir='ltr'><strong>articulos</strong></span> <span class='ocrx_word' id='word_1_137' title='bbox 1078 1888 1206 1944; x_wconf 85' lang='lat' dir='ltr'><strong>odiosis.</strong></span> 
     </span>
     <span class='ocr_line' id='line_1_18' title="bbox 160 1982 1208 2056; baseline -0.001 -18"><span class='ocrx_word' id='word_1_138' title='bbox 160 1982 236 2039; x_wconf 82' lang='lat' dir='ltr'><strong>sime</strong></span> <span class='ocrx_word' id='word_1_139' title='bbox 260 1984 448 2056; x_wconf 85' lang='lat' dir='ltr'><strong>compositos</strong></span> <span class='ocrx_word' id='word_1_140' title='bbox 476 1992 541 2039; x_wconf 85' lang='lat' dir='ltr'><strong>turn</strong></span> <span class='ocrx_word' id='word_1_141' title='bbox 568 1984 765 2052; x_wconf 71' lang='lat' dir='ltr'><strong>redegerunt,</strong></span> <span class='ocrx_word' id='word_1_142' title='bbox 792 1993 823 2038; x_wconf 95' lang='lat' dir='ltr'><strong>et</strong></span> <span class='ocrx_word' id='word_1_143' title='bbox 850 1983 961 2055; x_wconf 89' lang='lat' dir='ltr'><strong>ubique</strong></span> <span class='ocrx_word' id='word_1_144' title='bbox 984 1993 1158 2053; x_wconf 88' lang='lat' dir='ltr'><strong>sparserunt</strong></span> <span class='ocrx_word' id='word_1_145' title='bbox 1176 1991 1208 2037; x_wconf 87' lang='lat' dir='ltr'><strong>et</strong></span> 
     </span>
     <span class='ocr_line' id='line_1_19' title="bbox 160 2075 1206 2153; baseline 0.001 -23"><span class='ocrx_word' id='word_1_146' title='bbox 160 2087 302 2153; x_wconf 78' lang='lat' dir='ltr'><strong>spargunt</strong></span> <span class='ocrx_word' id='word_1_147' title='bbox 328 2091 397 2130; x_wconf 88' lang='lat' dir='ltr'><strong>curn</strong></span> <span class='ocrx_word' id='word_1_148' title='bbox 423 2075 528 2145; x_wconf 83' lang='lat' dir='ltr'><strong>insigni</strong></span> <span class='ocrx_word' id='word_1_149' title='bbox 555 2077 685 2131; x_wconf 88' lang='lat' dir='ltr'><strong>nominis</strong></span> <span class='ocrx_word' id='word_1_150' title='bbox 708 2076 767 2130; x_wconf 91' lang='lat' dir='ltr'><strong>mei</strong></span> <span class='ocrx_word' id='word_1_151' title='bbox 793 2076 1049 2148; x_wconf 88' lang='lat' dir='ltr'><strong>persequutione:</strong></span> <span class='ocrx_word' id='word_1_152' title='bbox 1079 2077 1206 2148; x_wconf 87' lang='lat' dir='ltr'><strong>deniquo</strong></span> 
     </span>
    </p>
   </div>
   <div class='ocr_carea' id='block_1_3' title="bbox 23 2164 1206 2251">
    <p class='ocr_par' dir='ltr' id='par_1_4' title="bbox 23 2164 1206 2251">
     <span class='ocr_line' id='line_1_20' title="bbox 23 2164 1206 2251; baseline 0.001 -26"><span class='ocrx_word' id='word_1_153' title='bbox 23 2164 30 2181; x_wconf 77' lang='lat'>⁸</span> <span class='ocrx_word' id='word_1_154' title='bbox 110 2184 114 2191; x_wconf 85' lang='lat'><strong><em>‘</em></strong></span> <span class='ocrx_word' id='word_1_155' title='bbox 157 2171 302 2251; x_wconf 74' lang='lat' dir='ltr'><strong>Augustas</strong></span> <span class='ocrx_word' id='word_1_156' title='bbox 320 2170 398 2233; x_wconf 81' lang='lat' dir='ltr'><strong>iuter</strong></span> <span class='ocrx_word' id='word_1_157' title='bbox 415 2177 567 2237; x_wconf 66' lang='lat' dir='ltr'><strong>magnates</strong></span> <span class='ocrx_word' id='word_1_158' title='bbox 586 2168 667 2224; x_wconf 86' lang='lat' dir='ltr'><strong>volat</strong></span> <span class='ocrx_word' id='word_1_159' title='bbox 687 2178 717 2225; x_wconf 95' lang='lat' dir='ltr'><strong>et</strong></span> <span class='ocrx_word' id='word_1_160' title='bbox 735 2169 833 2225; x_wconf 88' lang='lat' dir='ltr'><strong>irritat</strong></span> <span class='ocrx_word' id='word_1_161' title='bbox 850 2169 983 2225; x_wconf 86' lang='lat' dir='ltr'><strong>multos:</strong></span> <span class='ocrx_word' id='word_1_162' title='bbox 1011 2171 1042 2224; x_wconf 89' lang='lat' dir='ltr'><strong>iu</strong></span> <span class='ocrx_word' id='word_1_163' title='bbox 1064 2169 1206 2226; x_wconf 86' lang='lat' dir='ltr'><strong>Dresden</strong></span> 
     </span>
    </p>
   </div>
   <div class='ocr_carea' id='block_1_4' title="bbox 157 2261 1207 3556">
    <p class='ocr_par' dir='ltr' id='par_1_5' title="bbox 157 2261 1207 2899">
     <span class='ocr_line' id='line_1_21' title="bbox 158 2261 1205 2339; baseline -0.003 -21"><span class='ocrx_word' id='word_1_164' title='bbox 158 2262 232 2321; x_wconf 82' lang='lat' dir='ltr'><strong>mihi</strong></span> <span class='ocrx_word' id='word_1_165' title='bbox 253 2262 308 2334; x_wconf 87' lang='lat' dir='ltr'><strong>ipsi</strong></span> <span class='ocrx_word' id='word_1_166' title='bbox 328 2263 358 2317; x_wconf 92' lang='lat' dir='ltr'><strong>in</strong></span> <span class='ocrx_word' id='word_1_167' title='bbox 382 2261 489 2321; x_wconf 79' lang='lat' dir='ltr'><strong>faciem</strong></span> <span class='ocrx_word' id='word_1_168' title='bbox 510 2262 650 2333; x_wconf 86' lang='lat' dir='ltr'><strong>objectus</strong></span> <span class='ocrx_word' id='word_1_169' title='bbox 667 2261 743 2329; x_wconf 77' lang='lat' dir='ltr'><strong>soit,</strong></span> <span class='ocrx_word' id='word_1_170' title='bbox 765 2261 867 2339; x_wconf 84' lang='lat' dir='ltr'><strong>allatis¹</strong></span> <span class='ocrx_word' id='word_1_171' title='bbox 878 2261 991 2332; x_wconf 87' lang='lat' dir='ltr'><strong>aliquot</strong></span> <span class='ocrx_word' id='word_1_172' title='bbox 1009 2261 1142 2331; x_wconf 80' lang='lat' dir='ltr'><strong>ejusdcm</strong></span> <span class='ocrx_word' id='word_1_173' title='bbox 1159 2279 1205 2316; x_wconf 88' lang='lat' dir='ltr'><strong>ar.</strong></span> 
     </span>
     <span class='ocr_line' id='line_1_22' title="bbox 157 2340 1207 2430; baseline 0.004 -21"><span class='ocrx_word' id='word_1_174' title='bbox 157 2355 269 2410; x_wconf 78' lang='lat' dir='ltr'><strong>riculis.</strong></span> <span class='ocrx_word' id='word_1_175' title='bbox 310 2354 403 2422; x_wconf 86' lang='lat' dir='ltr'><strong>Vide,</strong></span> <span class='ocrx_word' id='word_1_176' title='bbox 435 2370 524 2425; x_wconf 89' lang='lat' dir='ltr'><strong>quam</strong></span> <span class='ocrx_word' id='word_1_177' title='bbox 548 2355 690 2410; x_wconf 89' lang='lat' dir='ltr'><strong>insidiose</strong></span> <span class='ocrx_word' id='word_1_178' title='bbox 715 2364 800 2426; x_wconf 84' lang='lat' dir='ltr'><strong>peter</strong></span> <span class='ocrx_word' id='word_1_179' title='bbox 825 2363 856 2410; x_wconf 93' lang='lat' dir='ltr'><strong>et</strong></span> <span class='ocrx_word' id='word_1_180' title='bbox 881 2340 1011 2428; x_wconf 81' lang='lat' dir='ltr'><strong>undique</strong></span> <span class='ocrx_word' id='word_1_181' title='bbox 1029 2357 1125 2428; x_wconf 84' lang='lat' dir='ltr'><strong>sepiar</strong></span> <span class='ocrx_word' id='word_1_182' title='bbox 1146 2359 1207 2430; x_wconf 84' lang='lat' dir='ltr'><strong>spi.</strong></span> 
     </span>
     <span class='ocr_line' id='line_1_23' title="bbox 157 2438 1204 2517; baseline 0.006 -13"><span class='ocrx_word' id='word_1_183' title='bbox 157 2448 221 2505; x_wconf 85' lang='lat' dir='ltr'><strong>nis:</strong></span> <span class='ocrx_word' id='word_1_184' title='bbox 239 2448 291 2504; x_wconf 86' lang='lat' dir='ltr'><strong>sed</strong></span> <span class='ocrx_word' id='word_1_185' title='bbox 306 2446 445 2505; x_wconf 86' lang='lat' dir='ltr'><strong>Christus</strong></span> <span class='ocrx_word' id='word_1_186' title='bbox 466 2447 538 2503; x_wconf 84' lang='lat' dir='ltr'><strong>vivit</strong></span> <span class='ocrx_word' id='word_1_187' title='bbox 557 2456 587 2503; x_wconf 87' lang='lat' dir='ltr'><strong>et</strong></span> <span class='ocrx_word' id='word_1_188' title='bbox 605 2456 709 2517; x_wconf 79' lang='lat' dir='ltr'><strong>regnat</strong></span> <span class='ocrx_word' id='word_1_189' title='bbox 726 2446 791 2503; x_wconf 86' lang='lat' dir='ltr'><strong>heri</strong></span> <span class='ocrx_word' id='word_1_190' title='bbox 811 2456 842 2502; x_wconf 95' lang='lat' dir='ltr'><strong>et</strong></span> <span class='ocrx_word' id='word_1_191' title='bbox 858 2446 970 2515; x_wconf 91' lang='lat' dir='ltr'><strong>hodie,</strong></span> <span class='ocrx_word' id='word_1_192' title='bbox 991 2456 1021 2503; x_wconf 92' lang='lat' dir='ltr'><strong>et</strong></span> <span class='ocrx_word' id='word_1_193' title='bbox 1038 2438 1069 2502; x_wconf 86' lang='lat' dir='ltr'><strong>in</strong></span> <span class='ocrx_word' id='word_1_194' title='bbox 1087 2453 1204 2510; x_wconf 79' lang='lat' dir='ltr'><strong>saecula.</strong></span> 
     </span>
     <span class='ocr_line' id='line_1_24' title="bbox 159 2540 1207 2620; baseline -0.001 -20"><span class='ocrx_word' id='word_1_195' title='bbox 159 2542 324 2613; x_wconf 77' lang='lat' dir='ltr'><strong>Veritatem</strong></span> <span class='ocrx_word' id='word_1_196' title='bbox 343 2543 464 2620; x_wconf 72' lang='lat' dir='ltr'><strong>doctam</strong></span> <span class='ocrx_word' id='word_1_197' title='bbox 483 2558 500 2596; x_wconf 90' lang='lat' dir='ltr'><strong>a</strong></span> <span class='ocrx_word' id='word_1_198' title='bbox 517 2557 584 2600; x_wconf 71' lang='lat' dir='ltr'><strong>met</strong></span> <span class='ocrx_word' id='word_1_199' title='bbox 604 2541 787 2599; x_wconf 85' lang='lat' dir='ltr'><strong>conscientia</strong></span> <span class='ocrx_word' id='word_1_200' title='bbox 808 2540 881 2597; x_wconf 90' lang='lat' dir='ltr'><strong>mihi</strong></span> <span class='ocrx_word' id='word_1_201' title='bbox 900 2543 1080 2616; x_wconf 78' lang='lat' dir='ltr'><strong>respondet,</strong></span> <span class='ocrx_word' id='word_1_202' title='bbox 1107 2556 1137 2599; x_wconf 92' lang='lat' dir='ltr'><strong>et</strong></span> <span class='ocrx_word' id='word_1_203' title='bbox 1154 2563 1207 2600; x_wconf 88' lang='lat' dir='ltr'><strong>ve.</strong></span> 
     </span>
     <span class='ocr_line' id='line_1_25' title="bbox 160 2635 1207 2705; baseline 0 -11"><span class='ocrx_word' id='word_1_204' title='bbox 160 2638 281 2694; x_wconf 90' lang='lat' dir='ltr'><strong>ritatem</strong></span> <span class='ocrx_word' id='word_1_205' title='bbox 302 2652 372 2691; x_wconf 89' lang='lat' dir='ltr'><strong>cum</strong></span> <span class='ocrx_word' id='word_1_206' title='bbox 390 2635 560 2704; x_wconf 88' lang='lat' dir='ltr'><strong>nominem,</strong></span> <span class='ocrx_word' id='word_1_207' title='bbox 578 2636 646 2691; x_wconf 86' lang='lat' dir='ltr'><strong>ideo</strong></span> <span class='ocrx_word' id='word_1_208' title='bbox 663 2637 756 2705; x_wconf 79' lang='lat' dir='ltr'><strong>magis</strong></span> <span class='ocrx_word' id='word_1_209' title='bbox 775 2635 922 2692; x_wconf 87' lang='lat' dir='ltr'><strong>odiosam.</strong></span> <span class='ocrx_word' id='word_1_210' title='bbox 958 2635 1069 2691; x_wconf 89' lang='lat' dir='ltr'><strong>Uterus</strong></span> <span class='ocrx_word' id='word_1_211' title='bbox 1087 2637 1207 2694; x_wconf 79' lang='lat' dir='ltr'><strong>Rebec-</strong></span> 
     </span>
     <span class='ocr_line' id='line_1_26' title="bbox 160 2729 1205 2806; baseline -0.001 -17"><span class='ocrx_word' id='word_1_212' title='bbox 160 2750 203 2789; x_wconf 85' lang='lat' dir='ltr'><strong>cae</strong></span> <span class='ocrx_word' id='word_1_213' title='bbox 221 2740 288 2788; x_wconf 90' lang='lat' dir='ltr'><strong>est:</strong></span> <span class='ocrx_word' id='word_1_214' title='bbox 317 2730 460 2803; x_wconf 88' lang='lat' dir='ltr'><strong>parrulos</strong></span> <span class='ocrx_word' id='word_1_215' title='bbox 478 2730 508 2785; x_wconf 89' lang='lat' dir='ltr'><strong>in</strong></span> <span class='ocrx_word' id='word_1_216' title='bbox 527 2747 564 2788; x_wconf 91' lang='lat' dir='ltr'><strong>eo</strong></span> <span class='ocrx_word' id='word_1_217' title='bbox 583 2730 684 2786; x_wconf 86' lang='lat' dir='ltr'><strong>collidi</strong></span> <span class='ocrx_word' id='word_1_218' title='bbox 702 2743 826 2796; x_wconf 83' lang='lat' dir='ltr'><strong>necesse</strong></span> <span class='ocrx_word' id='word_1_219' title='bbox 844 2736 890 2785; x_wconf 91' lang='lat' dir='ltr'><strong>est</strong></span> <span class='ocrx_word' id='word_1_220' title='bbox 900 2767 911 2797; x_wconf 88' lang='lat'><strong>,</strong></span> <span class='ocrx_word' id='word_1_221' title='bbox 924 2799 927 2806; x_wconf 23' lang='grc' dir='ltr'>Ι</span> <span class='ocrx_word' id='word_1_222' title='bbox 942 2729 1030 2784; x_wconf 90' lang='lat' dir='ltr'><strong>etiam</strong></span> <span class='ocrx_word' id='word_1_223' title='bbox 1050 2746 1144 2804; x_wconf 87' lang='lat' dir='ltr'><strong>usque</strong></span> <span class='ocrx_word' id='word_1_224' title='bbox 1169 2734 1205 2788; x_wconf 88' lang='lat' dir='ltr'><strong>ad</strong></span> 
     </span>
     <span class='ocr_line' id='line_1_27' title="bbox 159 2824 462 2899; baseline -0.01 -16"><span class='ocrx_word' id='word_1_225' title='bbox 159 2825 329 2899; x_wconf 88' lang='lat' dir='ltr'><strong>periculum</strong></span> <span class='ocrx_word' id='word_1_226' title='bbox 347 2824 462 2880; x_wconf 85' lang='lat' dir='ltr'><strong>matris.</strong></span> 
     </span>
    </p>

    <p class='ocr_par' dir='ltr' id='par_1_6' title="bbox 159 2904 1206 3556">
     <span class='ocr_line' id='line_1_28' title="bbox 166 2904 1204 2991; baseline 0.001 -16"><span class='ocrx_word' id='word_1_227' title='bbox 166 2904 167 2908; x_wconf 24' lang='lat'>¹</span> <span class='ocrx_word' id='word_1_228' title='bbox 228 2920 289 2976; x_wconf 86' lang='lat' dir='ltr'><strong>Ista</strong></span> <span class='ocrx_word' id='word_1_229' title='bbox 306 2934 377 2974; x_wconf 89' lang='lat' dir='ltr'><strong>ecce</strong></span> <span class='ocrx_word' id='word_1_230' title='bbox 395 2917 451 2973; x_wconf 84' lang='lat' dir='ltr'><strong>luit</strong></span> <span class='ocrx_word' id='word_1_231' title='bbox 469 2934 575 2986; x_wconf 88' lang='lat' dir='ltr'><strong>causa,</strong></span> <span class='ocrx_word' id='word_1_232' title='bbox 600 2925 635 2973; x_wconf 90' lang='lat' dir='ltr'><strong>ut</strong></span> <span class='ocrx_word' id='word_1_233' title='bbox 651 2919 772 2974; x_wconf 86' lang='lat' dir='ltr'><strong>ederem</strong></span> <span class='ocrx_word' id='word_1_234' title='bbox 789 2917 917 2973; x_wconf 88' lang='lat' dir='ltr'><strong>eundem</strong></span> <span class='ocrx_word' id='word_1_235' title='bbox 935 2932 1124 2986; x_wconf 88' lang='lat' dir='ltr'><strong>sermonem,</strong></span> <span class='ocrx_word' id='word_1_236' title='bbox 1143 2937 1204 2991; x_wconf 91' lang='lat' dir='ltr'><strong>quo</strong></span> 
     </span>
     <span class='ocr_line' id='line_1_29' title="bbox 161 3002 1205 3079; baseline 0.003 -11"><span class='ocrx_word' id='word_1_237' title='bbox 161 3002 316 3069; x_wconf 83' lang='lat' dir='ltr'><strong>venenatis</strong></span> <span class='ocrx_word' id='word_1_238' title='bbox 348 3012 413 3068; x_wconf 91' lang='lat' dir='ltr'><strong>istis</strong></span> <span class='ocrx_word' id='word_1_239' title='bbox 440 3013 573 3067; x_wconf 89' lang='lat' dir='ltr'><strong>articulis</strong></span> <span class='ocrx_word' id='word_1_240' title='bbox 604 3028 823 3079; x_wconf 88' lang='lat' dir='ltr'><strong>occurrerem,</strong></span> <span class='ocrx_word' id='word_1_241' title='bbox 859 3021 909 3067; x_wconf 88' lang='lat' dir='ltr'><strong>aut</strong></span> <span class='ocrx_word' id='word_1_242' title='bbox 940 3013 1017 3068; x_wconf 86' lang='lat' dir='ltr'><strong>male</strong></span> <span class='ocrx_word' id='word_1_243' title='bbox 1046 3014 1205 3071; x_wconf 88' lang='lat' dir='ltr'><strong>intellectis</strong></span> 
     </span>
     <span class='ocr_line' id='line_1_30' title="bbox 159 3104 1205 3177; baseline 0.001 -14"><span class='ocrx_word' id='word_1_244' title='bbox 159 3107 259 3163; x_wconf 89' lang='lat' dir='ltr'><strong>lucem</strong></span> <span class='ocrx_word' id='word_1_245' title='bbox 276 3106 425 3161; x_wconf 82' lang='lat' dir='ltr'><strong>afferrem.</strong></span> <span class='ocrx_word' id='word_1_246' title='bbox 460 3104 510 3160; x_wconf 88' lang='lat' dir='ltr'><strong>Tu</strong></span> <span class='ocrx_word' id='word_1_247' title='bbox 522 3121 577 3177; x_wconf 90' lang='lat' dir='ltr'><strong>pro</strong></span> <span class='ocrx_word' id='word_1_248' title='bbox 598 3121 647 3175; x_wconf 80' lang='lat' dir='ltr'><strong>me</strong></span> <span class='ocrx_word' id='word_1_249' title='bbox 667 3122 736 3169; x_wconf 82' lang='lat' dir='ltr'><strong>ora,</strong></span> <span class='ocrx_word' id='word_1_250' title='bbox 758 3120 796 3159; x_wconf 88' lang='lat' dir='ltr'><strong>ne</strong></span> <span class='ocrx_word' id='word_1_251' title='bbox 815 3104 903 3160; x_wconf 89' lang='lat' dir='ltr'><strong>nimis</strong></span> <span class='ocrx_word' id='word_1_252' title='bbox 921 3106 1064 3173; x_wconf 81' lang='lat' dir='ltr'><strong>gaudeam</strong></span> <span class='ocrx_word' id='word_1_253' title='bbox 1082 3119 1112 3163; x_wconf 90' lang='lat' dir='ltr'><strong>et</strong></span> <span class='ocrx_word' id='word_1_254' title='bbox 1132 3125 1205 3164; x_wconf 88' lang='lat' dir='ltr'><strong>con.</strong></span> 
     </span>
     <span class='ocr_line' id='line_1_31' title="bbox 161 3187 1206 3268; baseline 0.002 -12"><span class='ocrx_word' id='word_1_255' title='bbox 161 3200 248 3256; x_wconf 82' lang='lat' dir='ltr'><strong>fidam</strong></span> <span class='ocrx_word' id='word_1_256' title='bbox 263 3200 293 3254; x_wconf 89' lang='lat' dir='ltr'><strong>lu</strong></span> <span class='ocrx_word' id='word_1_257' title='bbox 308 3200 362 3255; x_wconf 86' lang='lat' dir='ltr'><strong>ista</strong></span> <span class='ocrx_word' id='word_1_258' title='bbox 376 3187 552 3255; x_wconf 83' lang='lat' dir='ltr'><strong>tentatione.</strong></span> <span class='ocrx_word' id='word_1_259' title='bbox 578 3200 665 3255; x_wconf 88' lang='lat' dir='ltr'><strong>Deus</strong></span> <span class='ocrx_word' id='word_1_260' title='bbox 681 3199 814 3254; x_wconf 81' lang='lat' dir='ltr'><strong>illistron</strong></span> <span class='ocrx_word' id='word_1_261' title='bbox 830 3199 974 3268; x_wconf 84' lang='lat' dir='ltr'><strong>imputet,</strong></span> <span class='ocrx_word' id='word_1_262' title='bbox 993 3216 1060 3256; x_wconf 90' lang='lat' dir='ltr'><strong>oro.</strong></span> <span class='ocrx_word' id='word_1_263' title='bbox 1088 3202 1206 3259; x_wconf 84' lang='lat' dir='ltr'><strong>Habent</strong></span> 
     </span>
     <span class='ocr_line' id='line_1_32' title="bbox 162 3268 1205 3365; baseline 0.004 -18"><span class='ocrx_word' id='word_1_264' title='bbox 162 3302 194 3349; x_wconf 91' lang='lat' dir='ltr'><strong>et</strong></span> <span class='ocrx_word' id='word_1_265' title='bbox 213 3295 268 3365; x_wconf 86' lang='lat' dir='ltr'><strong>ipsi</strong></span> <span class='ocrx_word' id='word_1_266' title='bbox 288 3268 385 3347; x_wconf 71' lang='lat' dir='ltr'><strong>arium</strong></span> <span class='ocrx_word' id='word_1_267' title='bbox 404 3292 483 3360; x_wconf 92' lang='lat' dir='ltr'><strong>Dei,</strong></span> <span class='ocrx_word' id='word_1_268' title='bbox 498 3293 586 3347; x_wconf 88' lang='lat' dir='ltr'><strong>etiarn</strong></span> <span class='ocrx_word' id='word_1_269' title='bbox 606 3302 683 3348; x_wconf 83' lang='lat' dir='ltr'><strong>teste</strong></span> <span class='ocrx_word' id='word_1_270' title='bbox 701 3308 761 3360; x_wconf 89' lang='lat' dir='ltr'><strong>me,</strong></span> <span class='ocrx_word' id='word_1_271' title='bbox 777 3292 830 3347; x_wconf 88' lang='lat' dir='ltr'><strong>sed</strong></span> <span class='ocrx_word' id='word_1_272' title='bbox 844 3291 1093 3364; x_wconf 85' lang='lat' dir='ltr'><strong>indoctissimum,</strong></span> <span class='ocrx_word' id='word_1_273' title='bbox 1107 3296 1205 3353; x_wconf 90' lang='lat' dir='ltr'><strong>donec</strong></span> 
     </span>
     <span class='ocr_line' id='line_1_33' title="bbox 162 3384 1205 3461; baseline 0.004 -19"><span class='ocrx_word' id='word_1_274' title='bbox 162 3397 192 3442; x_wconf 90' lang='lat' dir='ltr'><strong>et</strong></span> <span class='ocrx_word' id='word_1_275' title='bbox 214 3387 296 3459; x_wconf 85' lang='lat' dir='ltr'><strong>ipsos</strong></span> <span class='ocrx_word' id='word_1_276' title='bbox 317 3386 463 3440; x_wconf 88' lang='lat' dir='ltr'><strong>illuminet</strong></span> <span class='ocrx_word' id='word_1_277' title='bbox 484 3387 587 3458; x_wconf 87' lang='lat' dir='ltr'><strong>eadem</strong></span> <span class='ocrx_word' id='word_1_278' title='bbox 606 3387 673 3459; x_wconf 82' lang='lat' dir='ltr'><strong>luce</strong></span> <span class='ocrx_word' id='word_1_279' title='bbox 691 3393 794 3440; x_wconf 91' lang='lat' dir='ltr'><strong>nostra</strong></span> <span class='ocrx_word' id='word_1_280' title='bbox 811 3384 904 3440; x_wconf 66' lang='lat' dir='ltr'><strong>«Iesus</strong></span> <span class='ocrx_word' id='word_1_281' title='bbox 924 3384 1080 3456; x_wconf 83' lang='lat' dir='ltr'><strong>Christus,</strong></span> <span class='ocrx_word' id='word_1_282' title='bbox 1106 3393 1156 3461; x_wconf 89' lang='lat' dir='ltr'><strong>qui</strong></span> <span class='ocrx_word' id='word_1_283' title='bbox 1175 3403 1205 3446; x_wconf 91' lang='lat' dir='ltr'><strong>te</strong></span> 
     </span>
     <span class='ocr_line' id='line_1_34' title="bbox 161 3478 1204 3556; baseline 0 -18"><span class='ocrx_word' id='word_1_284' title='bbox 161 3489 261 3538; x_wconf 83' lang='lat' dir='ltr'><strong>servet</strong></span> <span class='ocrx_word' id='word_1_285' title='bbox 284 3479 340 3535; x_wconf 81' lang='lat' dir='ltr'><strong>sibi</strong></span> <span class='ocrx_word' id='word_1_286' title='bbox 366 3478 397 3533; x_wconf 91' lang='lat' dir='ltr'><strong>in</strong></span> <span class='ocrx_word' id='word_1_287' title='bbox 418 3479 544 3547; x_wconf 81' lang='lat' dir='ltr'><strong>gloriam</strong></span> <span class='ocrx_word' id='word_1_288' title='bbox 567 3491 598 3535; x_wconf 90' lang='lat' dir='ltr'><strong>et</strong></span> <span class='ocrx_word' id='word_1_289' title='bbox 617 3479 648 3535; x_wconf 90' lang='lat' dir='ltr'><strong>iu</strong></span> <span class='ocrx_word' id='word_1_290' title='bbox 673 3478 819 3537; x_wconf 75' lang='lat' dir='ltr'><strong>Ecclesiae</strong></span> <span class='ocrx_word' id='word_1_291' title='bbox 839 3495 901 3536; x_wconf 87' lang='lat' dir='ltr'><strong>suae</strong></span> <span class='ocrx_word' id='word_1_292' title='bbox 926 3478 1068 3550; x_wconf 88' lang='lat' dir='ltr'><strong>salutem,</strong></span> <span class='ocrx_word' id='word_1_293' title='bbox 1093 3483 1204 3556; x_wconf 67' lang='lat' dir='ltr'><strong>Amen,</strong></span> 
     </span>
    </p>
   </div>
   <div class='ocr_carea' id='block_1_5' title="bbox 159 3571 553 3646">
    <p class='ocr_par' dir='ltr' id='par_1_7' title="bbox 159 3571 553 3646">
     <span class='ocr_line' id='line_1_35' title="bbox 159 3571 553 3646; baseline 0.005 -16"><span class='ocrx_word' id='word_1_294' title='bbox 159 3574 221 3639; x_wconf 78' lang='lat' dir='ltr'><strong>Dte</strong></span> <span class='ocrx_word' id='word_1_295' title='bbox 238 3571 353 3646; x_wconf 68' lang='lat' dir='ltr'><strong>agtus.</strong></span> <span class='ocrx_word' id='word_1_296' title='bbox 370 3572 553 3645; x_wconf 76' lang='lat' dir='ltr'><strong>uuxvru.</strong></span> 
     </span>
    </p>
   </div>
   <div class='ocr_carea' id='block_1_6' title="bbox 820 3622 1203 3736">
    <p class='ocr_par' dir='ltr' id='par_1_8' title="bbox 820 3622 1203 3736">
     <span class='ocr_line' id='line_1_36' title="bbox 820 3622 1203 3736; baseline 0.005 -9"><span class='ocrx_word' id='word_1_297' title='bbox 820 3668 854 3729; x_wconf 77' lang='grc' dir='ltr'><strong>Ρ.</strong></span> <span class='ocrx_word' id='word_1_298' title='bbox 872 3622 1023 3728; x_wconf 77' lang='lat' dir='ltr'><strong>Martinus</strong></span> <span class='ocrx_word' id='word_1_299' title='bbox 1039 3669 1203 3736; x_wconf 80' lang='lat' dir='ltr'><strong>Lutherusr</strong></span> 
     </span>
    </p>
   </div>
   <div class='ocr_carea' id='block_1_7' title="bbox 470 3906 881 3936">
    <p class='ocr_par' dir='ltr' id='par_1_9' title="bbox 470 3906 881 3936">
     <span class='ocr_line' id='line_1_37' title="bbox 470 3906 881 3936; baseline 0.005 -4"><span class='ocrx_word' id='word_1_300' title='bbox 470 3906 881 3936; x_wconf 49' lang='lat'><strong>*—</strong></span> 
     </span>
    </p>
   </div>
   <div class='ocr_carea' id='block_1_8' title="bbox 0 0 1292 4732">
    <p class='ocr_par' dir='ltr' id='par_1_10' title="bbox 0 0 1292 4732">
     <span class='ocr_line' id='line_1_38' title="bbox 0 0 1292 4732; baseline 0 0"><span class='ocrx_word' id='word_1_301' title='bbox 0 0 1292 4732; x_wconf 95' lang='lat' dir='ltr'><strong> </strong></span> 
     </span>
    </p>
   </div>
  </div>
 </body>
</html>
