2574 4732
560 313 656 385 1519.
1076 320 1136 384 ³33

90 462 284 534 consuevisse
310 481 343 531 et
362 473 520 531 tradidisse
543 473 709 540 inveniret,
745 471 811 527 hnc
830 472 892 545 ipsi
916 473 989 530 saris
1008 472 1136 532 fideliter

89 571 271 626 membranas
286 568 391 625 illevit.
424 567 564 631 Vendunt
582 583 616 623 se
630 566 741 636 ubique
761 583 817 635 pro
834 565 970 623 Ecclesia
985 568 1133 638 Romana,

87 674 179 735 prout
192 665 303 733 cuique
320 661 438 717 libitum
457 672 522 724 est,
549 660 629 732 impii
651 660 691 715 illl
710 659 894 726 nebulones,
924 661 1047 730 plumbo
1067 673 1133 719 tun.

87 768 154 812 tum
174 765 206 812 et
224 738 301 812 caera
321 756 465 812 Romanas
483 755 574 811 curias
589 765 685 812 totam
707 753 902 811 Germaniam
927 754 1082 814 illudentes
1101 767 1134 814 et

88 851 313 907 exhaurientes.
817 904 820 911 ,
956 896 961 904 .
987 896 994 903 .

156 943 239 1016 Quid
263 945 329 1001 istis
348 941 601 1002 ludificationibus
617 942 773 1001 nominum
796 951 972 1000 sanctorum
992 926 1080 1016 Pais
1102 955 1134 1002 et

87 1038 230 1094 Romanus
244 1038 389 1095 Ecclesiae
405 1039 533 1108 faciunt,
551 1039 626 1107 nisi,
645 1039 725 1110 quod
743 1055 800 1094 nos
823 1037 1012 1104 Germanos,
1028 1054 1132 1095 meros

87 1130 271 1201 biennum,
298 1133 430 1200 bardos,
454 1132 638 1203 baccones,
657 1141 687 1187 et
714 1140 748 1186 ut
779 1132 902 1198 dicunt,
928 1129 1074 1186 barbaros
1103 1139 1136 1186 et

83 1223 200 1280 bestias
219 1226 420 1294 arbitrantur,
437 1227 528 1282 etiam
546 1227 704 1283 irridentes
725 1234 837 1281 nostra
861 1223 1007 1280 illusionis
1027 1234 1057 1278 et
1071 1238 1135 1278 ex.

86 1317 236 1390 pilationis
246 1320 449 1377 incredibilem
464 1317 655 1393 parientiam?
672 1319 806 1376 Proinde
823 1334 879 1387 ego
893 1318 923 1373 in
936 1326 1020 1374 tanto
1031 1332 1135 1374 rerum

88 1421 118 1467 et
140 1412 304 1468 verborum
325 1412 423 1483 chao,
440 1430 457 1469 e
476 1422 557 1469 tanta
578 1414 793 1477 Silvesrrorum
809 1413 903 1481 silva,
922 1413 959 1467 ad
980 1412 1136 1469 civitatem
1212 1448 1235 1491 .-

86 1507 253 1575 Augustam
270 1519 427 1564 revertor:
444 1516 474 1561 et
483 1506 630 1577 judicium
645 1506 766 1562 interim
782 1521 910 1578 sequar,
935 1522 996 1577 quo
1017 1505 1136 1561 Princi.

65 1602 139 1672 'pes
157 1584 326 1657 Germaniae
346 1601 375 1657 iu
397 1597 569 1656 nouissimis
589 1600 720 1675 comitiis
739 1607 843 1666 recte,
861 1609 964 1654 sancte
988 1610 1019 1653 et
1043 1614 1134 1667 augu-

85 1705 131 1749 ste
161 1694 370 1750 discreverunt
399 1694 479 1749 inter
505 1693 673 1749 Romanam
700 1690 871 1747 Ecclesiam
903 1701 933 1747 et
964 1691 1134 1749 Romanam

86 1785 208 1843 Curiam
222 1784 262 1855 ⁴).
297 1786 377 1843 Nam
396 1802 461 1857 quo
478 1787 571 1841 modo
589 1784 723 1842 licuisset
742 1787 785 1841 eis
802 1801 943 1842 reousare
960 1785 1090 1842 decimas
1102 1797 1134 1843 et

85 1881 244 1950 vigesimus
269 1889 299 1934 et
330 1879 589 1950 quinquagesimas
622 1880 675 1946 (id
704 1889 767 1948 est,
792 1879 955 1948 medullas,
979 1882 1135 1952 totiusque

86 1972 258 2028 Germanias
283 1973 375 2027 semel
407 1972 593 2029 subitaneam
619 1973 811 2042 vastitatem)
845 1989 919 2045 quas
942 1974 972 2028 in
1001 1974 1133 2031 concilio

85 2065 137 2122 illo
158 2066 362 2123 sacratissimo
382 2062 438 2135 (ut
457 2067 503 2122 sio
526 2067 679 2135 dixerim)
701 2067 841 2124 Romano
865 2077 1012 2123 noverant
1036 2068 1136 2124 sorici.

84 2167 154 2228 tas,
185 2161 323 2216 eiramis
344 2159 465 2228 Legatie
487 2160 670 2232 Apostolioae
696 2161 779 2218 Sedis
799 2163 965 2234 expetitos:
990 2161 1047 2218 nisi
1067 2172 1134 2218 tan.

85 2252 170 2322 dem,
195 2252 266 2309 licet
289 2269 359 2308 sero
380 2254 548 2325 sapientes,
571 2254 810 2325 intellexissent,
840 2272 901 2310 non
919 2255 1047 2311 Roman.
1071 2255 1136 2315 Ec..

84 2347 182 2402 olesiae
199 2348 371 2410 decretum,
399 2350 452 2404 sed
469 2349 600 2408 Roman.
624 2348 722 2405 Curias
737 2350 810 2405 illud
824 2365 892 2405 esse
906 2352 1133 2407 commentum?

83 2438 232 2495 Viderunt
249 2442 392 2497 nimirum
410 2442 547 2509 <dictum
560 2444 671 2501 mirum
684 2453 715 2499 et
733 2445 842 2512 nullis,
863 2460 960 2514 neque
980 2443 1133 2500 silvestris

84 2547 183 2602 neque
214 2532 362 2603 Cajetnnis
386 2536 503 2591 oreditu
526 2538 691 2605 possibile)
722 2537 886 2597 concilium
905 2544 935 2590 et
954 2535 1066 2605 Papam
1085 2551 1133 2589 er.

83 2639 184 2691 rasse,
209 2636 240 2680 er
264 2642 354 2696 posse
378 2642 497 2696 errare,
519 2628 658 2700 aliudque
676 2644 742 2685 esse
765 2646 878 2685 nomen
900 2627 1045 2684 Ecclesiae
1068 2628 1134 2684 Ro.

83 2733 195 2785 mnnae,
221 2726 252 2773 et
277 2718 373 2786 aliud,
403 2721 486 2790 quod
511 2722 633 2783 nornine
659 2721 803 2776 Romanas
829 2720 973 2776 Ecclesiae
1000 2721 1132 2789 geritur,
1201 2772 1208 2788 s

85 2812 235 2882 aliumque
253 2826 319 2867 esse
336 2801 479 2867 Romanae
503 2813 619 2882 Curias,
644 2815 734 2870 alium
752 2814 895 2869 Romane
914 2812 1058 2869 Ecclesiae
1074 2812 1139 2869 Le.-
1192 2793 1198 2803 ’

84 2919 197 2976 garum.
235 2906 322 2961 Hune
340 2905 537 2976 Evangelium
561 2907 687 2976 afferre,
712 2907 796 2971 illum
816 2907 959 2979 pecunius
985 2923 1132 2978 quaerere.

83 3000 169 3056 Unde
191 2999 327 3056 barbaris
346 2999 405 3055 illis
426 3011 456 3055 et
476 2999 581 3057 bestiis
599 3009 716 3057 tanturn
727 3000 852 3070 judiciii
870 3001 927 3056 nisi
945 3002 1026 3072 qnod
1044 3001 1132 3057 Deus
1233 3046 1239 3071 ,

83 3094 205 3150 tandem
221 3093 319 3148 fessus
335 3092 529 3165 blasphemiis
548 3094 594 3151 sui
613 3103 643 3150 et
666 3093 855 3150 irrisionibus
877 3093 1132 3166 abusionibnsque

83 3187 129 3241 sui
145 3197 176 3240 et
195 3199 305 3243 sanctae
324 3186 455 3242 Roman.
471 3186 616 3244 Ecclesiae
633 3189 785 3254 nominis,
807 3202 933 3243 monere
952 3187 1048 3242 voluit
1069 3186 1133 3245 Ro.

82 3294 189 3334 manos
209 3295 370 3349 proceres,
396 3289 430 3334 ut
448 3296 497 3336 res
515 3280 659 3338 Ecclesiae
669 3321 679 3350 ,
703 3283 804 3354 posito
820 3282 897 3352 Joeo
915 3290 945 3336 et
961 3281 1053 3344 ludo,
1080 3282 1133 3337 ali.

83 3372 201 3442 quando
223 3373 304 3429 serio
326 3384 488 3442 curarent,
516 3383 675 3447 autequam
697 3375 815 3432 eliciant
835 3374 1028 3443 sanguinem,
1059 3374 1132 3440 dum

83 3464 208 3520 nimium
226 3474 372 3538 inungunt
390 3465 595 3525 Germaniam.

151 3555 254 3631 Quare
269 3571 300 3614 et
314 3576 370 3627 ego
389 3560 500 3615 horum
515 3561 729 3633 theologorum
745 3561 892 3618 laicorum
910 3563 1050 3633 exemplo
1066 3561 1133 3632 pul.

82 3650 256 3719 cherrimo,
274 3652 462 3722 longissime,
481 3654 642 3725 latissime,
667 3657 901 3729 profundissime
920 3657 1070 3724 distinguo
1085 3655 1143 3709 in..
1240 3673 1243 3691 ·

81 3753 130 3800 ter
144 3745 327 3800 Romanum
352 3746 521 3805 Ecclesiam
551 3760 582 3808 et
614 3751 746 3807 Roman.
771 3750 906 3808 *Curinus
956 3748 1043 3804 illam
1063 3746 1130 3804 scio

134 3959 162 4009 ⁸)
190 3959 225 4008 6.
244 3959 280 4006 an
293 3959 454 4012 nuncies
474 3963 688 4020 innoeentes
702 3968 808 4024 stistte
823 3962 947 4017 distortas
960 3969 987 4015 ta
1003 3957 1131 4015 moitura

80 4038 550 4097 rms.1tutnuatoxv.⁵so.
1136 4048 1142 4061 “
