2574 4732
551 310 640 388 1519.
1059 308 1121 382 287

71 487 102 535 et
121 465 282 535 ludibrium
301 475 356 531 ivit
372 458 573 547 patrocinium
589 470 856 541 indulgentiarum,
877 487 947 528 cum
962 471 1027 528 hoc
1044 472 1119 530 mihi

68 559 241 642 speraremr
264 585 381 627 summa
406 556 513 642 lutupao'
531 566 760 640 disputationis:
787 564 912 636 denique
939 567 1036 624 issam
1061 567 1120 624 tuit

67 668 98 723 in
117 665 243 737 publicis
261 662 461 718 concionibus
467 670 529 731 ,ut
551 671 583 718 et
599 662 706 730 vulgus
727 658 905 728 intelligeret
925 674 997 715 eum
1020 660 1121 718 indul.

66 761 179 831 gentius
198 757 282 812 nihili
301 757 413 812 facere.

78 850 82 861 '
131 852 241 907 Fessus
263 838 355 905 etiarn
382 850 511 917 dicitur,
543 850 624 919 qnod
656 849 680 904 si
711 849 749 903 de
765 855 915 919 potestate
941 847 1031 921 Papae
1054 866 1125 923 non·

63 946 282 1016 disputassem,
307 945 338 999 in
359 943 499 999 omnibus
517 959 638 998 mecum
660 942 799 997 facillime
819 934 851 996 sc
874 942 966 998 luisse
988 958 1117 999 consen.

65 1029 181 1096 surum.
205 1038 348 1110 Denique
364 1039 399 1092 sd
417 1039 513 1110 ipsum
529 1037 728 1093 Carlstadium
744 1036 836 1092 dixit:
855 1036 880 1092 si
896 1052 967 1091 cum
980 1034 1116 1092 Martiho

63 1142 180 1189 tantum
199 1133 273 1188 mihi
293 1133 485 1199 conveniret,
505 1141 651 1204 quantum
674 1131 741 1199 tibi,
770 1133 973 1187 concederem
996 1139 1028 1185 et
1046 1146 1118 1187 oum

64 1242 104 1281 eo
127 1227 158 1281 in
181 1240 269 1282 suum
291 1225 467 1296 hospitium.
508 1226 555 1280 lta
580 1225 746 1282 esthemo
769 1225 870 1280 varius
895 1233 926 1280 et
951 1223 1118 1295 subdolus,

64 1321 165 1377 omnia
192 1318 256 1376 lieri
285 1331 432 1392 promtus.
483 1319 624 1391 Denique
659 1319 709 1390 qui
743 1317 910 1374 Caristudio
947 1317 1116 1392 concessit,

63 1415 143 1471 idem
159 1413 360 1470 scholasticos
382 1415 526 1470 doctores
544 1414 674 1481 docere,
699 1413 774 1469 mihi
794 1412 979 1482 Gregorium
1002 1411 1116 1468 Arimi.

64 1524 204 1578 oensem,
222 1511 273 1578 qui
292 1525 370 1564 uuus
389 1510 550 1565 nobiscum
572 1518 679 1563 contra
697 1522 803 1562 omues
823 1506 1025 1562 scholasticos
1049 1520 1117 1561 sen.

63 1603 121 1671 tit,
146 1603 269 1677 rejecit:
301 1612 332 1658 et
355 1605 395 1658 ita
414 1604 493 1658 idem
517 1619 573 1674 pro
599 1602 720 1658 diverso
749 1607 887 1671 tempore
920 1615 1055 1656 asserere
1087 1606 1119 1655 et

64 1714 197 1767 negare,
216 1696 292 1752 nihil
317 1698 395 1768 apud
420 1713 489 1751 eum
511 1696 574 1751 vitii
596 1707 652 1749 est.
688 1692 757 1747 Neo
779 1692 939 1764 Lipsenses
957 1693 986 1748 id
1007 1693 1116 1749 intelli.

61 1799 155 1858 gunt:
188 1798 290 1845 tantus
311 1797 358 1844 est
379 1798 487 1858 stupor
508 1789 538 1841 in
561 1788 613 1842 eis.
656 1787 761 1857 Atque
780 1802 840 1856 quo
859 1788 956 1856 majus
975 1785 1015 1842 sit
1030 1802 1118 1843 mon.

60 1891 179 1950 strum,
206 1882 284 1936 aliud
311 1882 464 1936 concessit
494 1880 524 1935 in
558 1878 689 1947 schola,
719 1878 797 1935 aliud
828 1880 918 1950 vulgo
949 1883 1055 1939 docuit
1086 1885 1117 1939 iu

62 1975 201 2031 ecclesia.
236 1974 410 2030 Conventus
428 1982 528 2029 autem
549 1992 566 2030 a
585 1972 770 2041 Carlstadio,
790 1990 846 2030 cur
864 1975 909 2031 sic
927 1976 1114 2044 variaretur,

60 2068 218 2141 respondit
247 2068 344 2123 homo
371 2069 434 2124 siue
464 2068 587 2138 fronte,
616 2083 678 2124 non
707 2062 850 2140 oportere
879 2070 1025 2142 populum
1049 2071 1116 2128 haas

59 2163 178 2227 doceri.
199 2178 264 2234 quae
283 2161 517 2234 disputarentur.

126 2245 221 2312 Finita
248 2257 349 2328 itaque
376 2272 443 2311 mea
467 2257 668 2328 disputatione
691 2274 812 2315 rursum
841 2275 911 2315 oum
942 2258 1109 2316 Caristudiu

59 2350 156 2407 tribus
175 2351 281 2406 diebus
303 2350 476 2433 novissimis
493 2351 673 2422 disputavit,
691 2353 801 2409 iterum
821 2355 920 2409 omnia
940 2356 1113 2412 concedens

59 2455 91 2499 et
110 2445 319 2500 consentiens:
346 2445 427 2514 quod
453 2445 570 2513 lacere,
595 2448 677 2516 quod
706 2448 735 2502 iu
758 2464 791 2503 se
816 2456 883 2515 est,
910 2449 949 2504 sit
967 2466 1114 2522 peccare,

58 2548 90 2592 et
122 2539 203 2608 quod
231 2537 363 2602 liberum
392 2537 549 2593 arbitrium
579 2541 643 2595 siue
671 2542 765 2609 gratia
794 2542 868 2594 nihil
898 2543 955 2597 nisi
984 2558 1112 2613 peccare
1135 2572 1139 2579 ·

56 2629 174 2701 possit,
199 2637 229 2682 et
247 2629 330 2699 quod
349 2629 379 2682 lu
396 2630 478 2684 omni
498 2646 591 2701 opere
608 2633 692 2690 bono
711 2634 750 2688 sit
770 2643 946 2704 peccatum,
979 2644 1010 2688 et
1029 2634 1122 2707 quod¹

60 2723 182 2788 facere,
200 2722 282 2791 quod
300 2722 330 2775 iu
350 2736 384 2776 se
402 2733 449 2776 est
465 2724 634 2794 disponenti
653 2727 687 2781 ad
706 2727 850 2795 gratiam,
868 2726 908 2781 sit
926 2727 989 2799 ipsa
1007 2726 1114 2799 gratia.

58 2813 135 2886 Quae
162 2814 261 2869 omnia
288 2814 466 2870 scholastici
491 2827 609 2885 negant.
652 2818 693 2874 Et
720 2821 761 2875 ita
786 2820 860 2876 nihil
882 2820 977 2875 ferme
1000 2820 1030 2875 in
1055 2822 1113 2876 ists

58 2910 260 2981 disputatione
282 2915 444 2962 tractatum
473 2917 519 2965 est
537 2907 641 2966 saltem
664 2913 769 2982 digne,
794 2923 903 2985 praeter
925 2914 1112 2987 propositio.

56 3020 127 3058 uem
153 3019 252 3058 meam
280 3003 427 3057 decimam
451 3003 582 3060 tertiam.
629 3005 753 3061 Interim
784 3014 883 3063 tamen
911 3008 960 3063 ills
990 3009 1110 3081 placet,

56 3098 223 3170 triumphat
242 3106 273 3154 et
288 3106 413 3167 regnat,
432 3097 485 3154 aed
500 3099 599 3154 donec
616 3099 796 3157 ediderimus
817 3117 874 3158 nos
889 3110 1005 3159 nostru.
1029 3102 1109 3161 Nam

56 3193 124 3263 quia
144 3191 221 3247 male
238 3192 422 3264 disputatum
441 3202 504 3262 est,
522 3195 608 3249 edam
624 3194 827 3251 resolutiones
843 3196 951 3252 denuo.

125 3285 287 3355 Lipseuaes
314 3301 385 3341 sane
411 3301 468 3342 nos
497 3304 596 3359 neque
621 3289 787 3346 salutarunt
810 3307 909 3362 neque
933 3291 1109 3362 visitarunt,

55 3395 89 3434 ac
111 3379 194 3434 velut
211 3379 317 3436 hostes
337 3380 535 3438 invisissimos
555 3382 742 3440 habuerunt:
768 3385 851 3440 illum
869 3384 1108 3455 comitabantur,

52 3471 263 3543 adhaerebant,
292 3475 530 3532 convivabantur
538 3517 549 3545 ,
572 3478 757 3548 invitabant,
782 3480 910 3552 denique
932 3480 1034 3537 tunica
1054 3480 1109 3536 do.

51 3578 161 3623 nerunt
177 3577 208 3651 et
227 3569 442 3626 schsmlottum
459 3570 653 3641 addiderunt,
671 3589 741 3628 cum
759 3573 826 3646 ipso
848 3575 1009 3646 spatiatum
1025 3575 1109 3647 equi.

51 3668 174 3717 terunt:
202 3662 366 3732 breviter,
391 3665 534 3738 quicquid
558 3666 691 3737 cogitare
705 3663 893 3739 potueruut,
924 3671 954 3727 iu
972 3676 1108 3726 nostram

52 3753 189 3825 injuriam
208 3767 413 3813 tentaverunt.

119 3846 339 3908 Persuaseruut
362 3851 484 3924 insuper
505 3853 613 3911 Caesari
635 3852 721 3926 paug
748 3866 779 3913 et
805 3856 958 3928 Principi,
985 3865 1020 3910 ut
1040 3856 1107 3926 hmo

51 3940 215 4012 placerent.
250 3944 351 4000 Unum
370 3946 458 4001 nobis
480 3950 705 4017 praestiterunt,
730 3952 812 4021 quod
832 3952 919 4009 douo,
938 3950 998 4006 viui
1023 3948 1102 4021 (pro

51 4037 163 4106 more)
183 4053 239 4094 nos
259 4039 469 4097 honorarunt:
489 4058 587 4116 neque
604 4043 635 4098 id
650 4043 792 4099 omittere
807 4044 865 4102 illia
885 4044 966 4100 forts
986 4043 1104 4101 salvum
