2574 4732
566 313 655 378 1520.
1073 313 1132 386 let

85 473 304 531 Eruditissimo
320 479 349 527 el
365 472 486 546 inteqro
507 472 603 536 Viro,
625 471 787 544 Magistro
807 472 949 546 Georqiu.
960 471 1133 543 malatino,

163 587 184 626 a
201 570 302 626 sacris
318 565 558 640 principalibus,
577 583 632 621 suo
650 566 683 621 in
701 564 836 621 Domino
853 566 991 636 MaJori.
1010 567 1044 633 ²)
1097 648 1103 658 Ι

524 716 700 778 «Iesus,

82 846 234 939 Salutem.
269 878 386 938 Multas
403 895 443 936 ex
462 888 492 935 te
510 880 612 934 literas
632 861 761 946 accepi,
780 880 821 935 mi
840 879 1004 952 Spaletine,
1024 885 1135 942 miror.

83 997 142 1052 que
164 977 298 1033 nondum
322 977 357 1031 ad
383 986 413 1031 te
433 977 606 1048 pervenisse
627 991 693 1040 eas,
722 973 831 1044 quibus
851 976 992 1045 respondi
1013 978 1073 1032 tuis
1094 980 1134 1053 ex

85 1075 218 1128 Buttstet
239 1071 326 1126 datis.
342 1068 428 1132 Nihil
454 1071 534 1139 enirn
556 1068 633 1123 aliud
656 1069 864 1139 posteriores,
881 1084 971 1139 quam
993 1070 1066 1138 illae,
1083 1089 1136 1142 pe.

84 1168 214 1235 tierunt,
240 1166 357 1221 scilicet
380 1166 417 1221 de
438 1165 537 1219 missis
556 1161 698 1220 Patribus
717 1164 751 1218 ad
772 1179 821 1218 me
843 1178 880 1217 ex
898 1163 1056 1226 Eislebent
1082 1167 1136 1222 sed
1192 1204 1195 1209 Δ

85 1261 183 1326 adhuc
201 1276 291 1332 spero
312 1256 433 1314 interim
455 1259 489 1312 ad
510 1269 540 1312 te
560 1258 690 1312 venisse.
728 1257 854 1321 Carolus
877 1259 956 1312 enim
976 1260 1080 1330 petiit,
1104 1270 1138 1315 ut
1169 1323 1172 1330 ¹

84 1355 224 1427 privatim
245 1354 385 1408 Romano
407 1351 546 1409 Pontifici
565 1349 749 1421 scriberem,
776 1367 962 1422 expurgans,
989 1371 1050 1408 non
1068 1371 1140 1414 essa

84 1465 246 1521 personam
267 1465 351 1504 suam
375 1466 391 1502 a
413 1463 462 1501 me
488 1454 628 1501 taxatam.
659 1446 692 1500 Id
721 1447 855 1501 nondum
886 1448 969 1515 feci,
995 1450 1055 1519 jam
1073 1466 1135 1504 non

85 1542 419 1613 facturus,·postquam
441 1538 553 1594 Eccius
573 1538 681 1610 Lipsiae
698 1539 795 1594 bullas
816 1556 851 1594 ac
869 1540 948 1595 diras
968 1541 998 1594 in
1017 1557 1066 1595 me
1085 1560 1137 1615 pa.
1182 1571 1186 1580 ,

84 1643 164 1691 ratas
186 1634 300 1690 habere
325 1635 443 1689 auditus
464 1643 520 1723 est.
556 1633 666 1687 Adhuc
683 1634 871 1700 ignoratum.
890 1634 961 1705 quid
980 1637 1135 1704 moliatur,

151 1728 261 1784 Multis
283 1729 381 1784 visum
402 1735 467 1810 est,
484 1736 517 1781 ut
536 1725 711 1797 Principem
731 1736 870 1782 nostrum
896 1745 1054 1796 rogarem,
1074 1747 1136 1801 quo

84 1816 390 1893 edictumimperiale
415 1821 488 1875 milri
517 1822 711 1890 impetraret,
750 1837 787 1873 ne
814 1822 881 1890 quis
901 1823 958 1896 ¹nisi
983 1823 1137 1895 Scriptura
1184 1808 1186 1812 Α

84 1917 261 1973 convictum
278 1916 444 1983 damnaret,
463 1924 513 1968 aut
533 1911 653 1968 libellos
665 1928 751 1968 meos
771 1914 934 1971 inhiberet.
952 1916 1001 1971 Tu
1016 1918 1137 2010 vitieris,

17 2075 30 2086 .
85 2027 121 2064 an
144 2009 181 2066 sit
206 2008 402 2064 consultum:
427 2024 482 2076 ego
503 2008 622 2075 segnius
642 2008 672 2063 id
692 2023 783 2077 curo,
805 2010 886 2080 quod
904 2010 1021 2080 indigne
1042 2013 1137 2068 feram

84 2102 204 2159 libellos
224 2119 309 2158 meos
328 2104 403 2157 adeo
422 2101 634 2173 multiplicari,
655 2115 817 2173 optemqne
839 2120 892 2160 eos
913 2105 941 2159 in
963 2108 1138 2163 universum

86 2198 179 2254 semel
205 2197 390 2262 concidere,
409 2197 490 2268 quod
518 2197 577 2265 sint
600 2197 775 2252 confusanei
804 2207 834 2253 et
864 2198 1013 2270 impoliti,
1047 2219 1139 2273 quan.

86 2307 175 2363 quam
204 2307 253 2347 res
281 2292 358 2361 ipsas
385 2289 504 2362 cupiam
531 2291 670 2346 omnibus
701 2307 767 2346 esse
796 2293 943 2361 cognitas.
988 2295 1046 2350 Seri
1076 2313 1137 2352 non

85 2402 190 2441 omnes
214 2402 318 2439 aurum
342 2385 440 2440 eluto
464 2385 607 2454 colligere
628 2395 771 2455 possunt,
797 2403 854 2442 nec
879 2397 925 2442 est
948 2404 1043 2459 opus,
1068 2407 1139 2444 cunr

35 2473 42 2489 '
89 2478 241 2532 abundent
258 2479 350 2532 literae
366 2480 509 2534 meliores
530 2489 560 2533 ct
577 2480 655 2534 sacri
673 2478 751 2535 libri.
787 2479 855 2535 lloc
871 2482 965 2547 magis
984 2497 1138 2551 cuperem,

85 2572 110 2626 si
128 2572 216 2625 vivos
236 2571 350 2637 libros,
374 2573 435 2625 hoc
457 2583 519 2638 est,
539 2573 772 2626 concionatores
792 2589 951 2642 possemus
971 2573 1018 2627 vel
1037 2575 1139 2628 multi.

85 2665 214 2736 plicare,
232 2663 280 2716 vel
301 2672 383 2717 tutos
403 2665 517 2728 facere,
537 2648 587 2732 qui
607 2663 710 2715 eadem
730 2664 820 2731 vulgo
838 2666 1006 2720 traderent:
1025 2666 1062 2720 de
1081 2683 1139 2737 qua

87 2775 120 2812 re
139 2758 227 2812 mitto
247 2755 300 2810 tibi
320 2772 370 2814 ea,
390 2771 455 2826 quaa
475 2770 514 2810 ex
532 2755 616 2809 ltalia
634 2756 708 2809 mihi
726 2757 817 2810 missa
836 2767 915 2811 sunt.

155 2852 183 2905 Si
199 2841 346 2920 Prin'ceps
361 2858 466 2903 noster
485 2848 536 2902 hic
551 2848 660 2916 vellet,
679 2849 791 2916 credo,
811 2851 864 2905 vix
883 2861 972 2922 quent
991 2867 1141 2908 sesama.

87 2947 132 3015 gis
156 2945 277 3014 dignum
301 2957 377 3014 opus
401 2930 512 2996 lacere.
555 2941 583 2994 Si
603 2942 688 2996 *enirn
715 2942 806 2998 ltaliae
830 2928 951 3016 quoque
975 2947 1081 3014 vulgus
1106 2965 1141 3003 ea

90 3050 227 3112 caperet,
249 3028 402 3094 robustius
423 3037 503 3090 sorte
525 3046 629 3091 nostra
650 3053 738 3092 causa
756 3048 858 3094 staret.
905 3039 982 3114 Quis
1002 3041 1076 3108 scit,
1104 3059 1157 3116 an,

87 3137 156 3192 illos
173 3136 260 3190 Deus
280 3133 423 3200 suscitet,
444 3140 473 3185 et
492 3131 665 3202 Principem
681 3142 821 3187 nostrum
841 3134 901 3187 hoc
915 3134 1036 3189 nomine
1052 3122 1148 3192 nobie'
1233 3118 1238 3140 ³

88 3241 204 3296 servet,
230 3239 264 3286 ut
280 3245 334 3300 per
351 3243 419 3280 eum
437 3243 492 3282 suo
512 3225 608 3281 verbo
625 3229 831 3296 cooperetur?
858 3227 933 3283 Vide
954 3244 1043 3297 ergo,
1070 3230 1141 3301 quid

89 3324 142 3378 hic
167 3340 258 3394 queas
279 3341 335 3395 pro
355 3322 467 3376 Christi
488 3337 577 3375 causa
599 3336 792 3391 promovere.
828 3321 873 3390 Is,
903 3323 987 3393 quie
1009 3323 1142 3379 Veneriis

88 3416 212 3484 scribit,
231 3417 324 3471 frater
344 3427 390 3471 est
409 3416 510 3471 Lazari
528 3416 689 3487 Spengler,
714 3415 764 3486 qui
786 3432 802 3469 e
823 3415 1014 3486 Nurmberga
1038 3418 1073 3473 ad
1091 3434 1142 3474 me

88 3510 170 3564 misit
189 3509 344 3580 exemplar
362 3510 452 3567 istud.

120 3653 126 3674 p
158 3602 251 3658 Liber
275 3603 312 3656 de
337 3604 508 3673 captivitate
525 3603 670 3660 Ecclesiae
692 3604 818 3661 sabbato
842 3606 960 3676 exibit,
994 3615 1025 3662 et
1051 3606 1086 3660 ad
1110 3614 1141 3660 te
1233 3615 1239 3624 ’

90 3697 236 3753 mittetur.
279 3695 462 3755 earlsradius
481 3710 512 3754 et
533 3700 597 3772 ipse
612 3700 695 3769 jacta
716 3699 778 3754 alea
797 3700 826 3755 io
847 3699 1029 3758 Pontificem
1048 3699 1140 3756 llum.

145 3978 174 4022 a)
202 3975 274 4021 eod.
287 3973 309 4025 J.
328 3975 430 4022 Erudito
446 3983 470 4020 er
483 3973 525 4031 pio
539 3975 614 4033 Viro,
629 3944 661 4026 b
678 3977 783 4035 Georplo
798 3975 941 4032 spalatino.
957 3960 1048 4024 curisti
1061 3987 1143 4032 servo,

91 4064 135 4097 suo
151 4052 177 4096 in
192 4051 296 4096 Domino
314 4053 401 4099 amico.
