2574 4732
117 323 155 392 ill
594 312 684 383 tssi.

114 480 197 540 canis
219 479 318 534 iaetus
336 483 383 531 est
394 488 405 546 ,·
428 475 491 531 isne
509 473 598 547 lupus
618 486 713 546 rapax
735 471 765 529 in
785 471 971 531 vestimentis
991 474 1115 547 caium,
1137 480 1163 536 si

115 591 178 634 uon
200 573 302 647 potius
331 569 525 638 crocodilus,
553 578 587 624 ut
608 577 642 624 tu
666 567 782 623 acutius
806 567 910 624 sentis.
953 567 1055 626 eroso
1081 572 1167 645 equi.

114 670 203 734 dem,
221 665 303 737 quod
323 674 353 720 et
375 664 523 734 ipsemet,
541 662 690 718 iudicante
707 662 734 717 ei
752 660 894 716 schinne
911 673 1021 719 nostro
1040 665 1167 724 Reuclt.

113 758 176 832 lin,
201 760 369 818 asinitatem
389 757 445 825 <tat
461 757 506 814 aie
529 757 620 812 latine
638 750 834 826 grucistlem)
854 771 939 811 suam
957 757 1048 813 etiam
1060 775 1168 831 'usque

115 854 281 929 palpaverit
297 853 445 921 ἰιικίιιιη
471 851 524 908 sed
549 851 710 907 meditatus
734 865 800 904 eam
822 862 935 906 exaere
958 859 989 905 et
1016 851 1168 912 leoninam
1190 892 1191 895 ι

112 950 300 1022 majestatem
320 948 460 1015 iuduere,
477 945 573 1014 citra,
597 944 707 1000 infelici
727 942 824 1012 mlta,
848 944 1026 1000 mmanserit
1043 945 1076 1001 in
1092 947 1170 1019 lupo

113 1057 165 1100 ant
190 1043 372 1106 crocodilo,
407 1040 523 1098 scilicet
548 1038 675 1094 nimiam
696 1035 777 1092 ultra
802 1036 885 1094 riaee
911 1047 1038 1095 conates
1063 1041 1168 1100 inesse

115 1136 389 1208 metamorphosin.

181 1231 267 1287 Bone
290 1229 396 1295 Deus,
423 1226 495 1298 quis
519 1224 637 1282 dicam?
659 1221 716 1282 vet
738 1224 792 1282 hic
813 1225 844 1282 is
862 1223 925 1284 hoc
948 1245 1010 1284 uno
1031 1225 1166 1288 ebsecro

115 1326 267 1383 ducamus
288 1322 440 1389 omnium,
466 1321 667 1396 quiunquam
681 1321 885 1391 scripserunt,
910 1296 1072 1393 aluerunt,
1089 1326 1167 1382 scri.

114 1420 210 1487 burst,
229 1417 333 1472 dicunt
343 1456 353 1484 ,
370 1414 529 1487 scripturi,
549 1414 697 1470 dictative
714 1424 805 1484 sunt,
821 1416 858 1471 de
875 1417 984 1474 invidia
995 1419 1166 1490 judicium,

114 1521 205 1586 quarn
221 1509 432 1578 verissimum,
459 1507 681 1580 aequissimum,
706 1510 897 1566 anniseimum
916 1512 974 1581 ait,
1003 1513 1041 1568 tle
1064 1529 1098 1568 ea
1120 1515 1166 1570 iu.

114 1623 206 1679 quem
227 1606 418 1677 potissimum
439 1604 576 1660 omnium
595 1603 684 1658 facile
702 1602 907 1675 insanissima,
932 1622 996 1678 quae
1018 1608 1166 1664 ardentia-

114 1701 190 1758 sime
205 1700 291 1762 vult.
309 1708 342 1755 et
358 1708 456 1755 umen
476 1714 540 1753 non
556 1705 658 1769 potest
673 1713 807 1767 nocere,
826 1699 913 1769 cujus
934 1715 1004 1755 cum
1019 1701 1058 1755 sit
1073 1700 1165 1757 liber.

113 1803 160 1853 tas
178 1794 243 1851 siue
259 1795 387 1863 timore,
406 1792 584 1866 impotentia
604 1798 669 1846 tum
684 1788 716 1862 s)
735 1800 783 1848 est
802 1793 880 1848 mira
894 1808 986 1848 cruce
1000 1800 1032 1849 et
1048 1793 1165 1867 inquis.

114 1889 219 1946 tuisse
233 1888 415 1960 plenissima.

180 1982 320 2040 Ridicula
344 1981 465 2052 quidem
484 1987 515 2034 et
530 1977 587 2035 sibi
610 1978 681 2051 ipsis
695 1981 855 2050 pugnantia
874 1981 967 2038 stulte
986 1982 1043 2038 iste
1059 1981 1166 2039 Ortui·

112 2095 170 2134 ons
187 2077 326 2145 congerit
341 2083 372 2129 et
390 2074 486 2142 cogit,
508 2073 561 2127 sed
577 2068 678 2128 verius
701 2074 827 2130 dolendo
843 2084 874 2130 et
887 2077 1073 2144 miseranda,
1102 2092 1163 2131 non

113 2180 230 2227 tantum
248 2168 330 2241 quod
348 2163 585 2221 innocentissimi
608 2165 768 2236 Capnionis
786 2165 880 2222 verba
903 2176 934 2232 et
952 2184 1057 2223 sensus
1078 2169 1166 2226 vitiet

113 2280 170 2333 per
195 2276 318 2317 omnem
341 2259 568 2325 temeritatem,
604 2273 711 2312 verum
736 2257 825 2314 eliam
854 2259 922 2331 quia
942 2258 1000 2316 eibi
1022 2261 1165 2319 damnum

114 2356 256 2412 caecitatis
275 2363 305 2408 et
327 2352 493 2408 obstinatiae
510 2351 541 2405 iu
555 2351 649 2407 corde
663 2366 718 2424 per
736 2367 858 2408 omnem
875 2353 1011 2409 furorem
1026 2353 1164 2428 adauget,

117 2450 197 2506 sicut
208 2447 363 2519 Scriptura
377 2446 465 2502 dicits
483 2455 623 2514 aggravat
642 2453 749 2501 contra
763 2446 895 2519 seipsum
910 2447 1036 2502 densum
1052 2446 1163 2507 lutum.

178 2542 279 2598 Multo
298 2556 338 2596 ex
361 2541 418 2595 illis
436 2550 539 2595 tecum
557 2554 613 2611 pet·
630 2538 732 2596 literas
750 2540 902 2611 riderem,
919 2541 977 2597 nisi
997 2542 1091 2610 magis
1109 2545 1163 2600 do.

111 2637 176 2693 lere
193 2653 281 2708 quam
297 2636 396 2690 ridere
413 2643 581 2711 oporteret,
599 2633 733 2689 intentis
750 2633 916 2689 animarum
929 2635 1159 2707 perditionibus.

112 2730 185 2803 quaa'
197 2730 262 2801 jam
282 2738 314 2785 et
335 2729 367 2784 in
382 2712 628 2798 iuturum'magis
644 2727 749 2784 timeo.
782 2726 847 2784 Det
860 2727 1031 2800 Dominus,
1047 2739 1082 2786 ut
1098 2730 1160 2788 cito

111 2827 177 2883 linis
201 2825 262 2883 lint.
278 2823 455 2895 „singulare
475 2833 576 2880 tamen
598 2822 673 2879 mihi
692 2823 831 2893 gaudium
851 2834 917 2893 est,
948 2825 984 2880 ad
1001 2822 1110 2880 urbem
1131 2834 1162 2882 et

113 2921 310 2993 apostolicam
327 2918 430 2975 sedem
449 2919 549 2991 potius
569 2918 744 2991 pervenisse
765 2933 848 2987 rem,
873 2935 963 2991 quam
979 2919 1164 2993 inpartibus

109 3013 200 3070 letius
218 3013 277 3068 illis
288 3014 402 3069 aemulis
417 3015 514 3068 datam
528 3027 593 3068 esse
615 3011 766 3066 licentiam
780 3011 947 3080 judicandi.
951 3050 1057 3070 .......
1081 3014 1162 3072 Cum

109 3109 209 3164 Roma
228 3107 421 3185 doctissimos
443 3107 583 3160 homines
603 3103 682 3158 inter
699 3105 871 3160 Cardinaies
893 3106 1025 3178 habeat,
1053 3109 1160 3166 saltem

109 3203 177 3274 plus
193 3202 293 3270 gratita
300 3233 696 3256 .........................
708 3195 745 3267 b)
764 3198 914 3258 ablntitis
928 3201 1164 3261 coloniensibus

110 3297 314 3357 concedetur.
341 3307 431 3365 quant
448 3292 497 3348 isti
517 3289 710 3379 alphauetarii
725 3288 934 3362 grammaticis
949 3295 1080 3370 habent,
1107 3299 1159 3372 qui

109 3407 168 3446 nec
187 3390 258 3460 quid
277 3399 366 3443 autor
382 3398 504 3456 narret,
523 3402 578 3440 nec
601 3385 673 3457 qnid
691 3399 818 3458 asserat,
836 3389 1008 3446 ducenum
1020 3403 1159 3464 possum,

110 3486 171 3540 imo
186 3484 258 3558 quid
274 3480 415 3553 loquetur
432 3497 487 3535 nec
507 3479 672 3548 intelligere
694 3492 842 3553 possunt,
865 3499 919 3539 seu
937 3486 1050 3542 rectius
1069 3486 1138 3542 dico
1148 3527 1159 3559 ,

109 3577 227 3634 nolunt.
247 3574 319 3630 Vale
332 3587 427 3630 etora
440 3591 497 3647 pro
512 3590 582 3641 me,
601 3585 632 3628 et
653 3591 776 3632 oremus
794 3593 850 3648 pro
871 3576 1025 3651 Cspnione
1038 3590 1159 3637 nostro.

109 3671 160 3730 Ex
176 3671 379 3739 monasterio,
397 3669 444 3725 dic
459 3669 554 3725 bestat
574 3662 703 3738 Virginis
721 3671 759 3725 de
778 3673 865 3742 nive,
891 3687 968 3729 nnno
987 3672 1140 3732 MDXIV.

669 3762 774 3821 Frater
790 3764 945 3824 Martinus
963 3768 1160 3839 Augustinus.

163 3904 309 3960 allusit
339 3905 442 3953 Lilsch.
459 3915 546 3954 umen.

109 3988 204 4115 ὴὲ).
217 3984 281 4116 :z
298 3986 330 4042 lp
348 3985 399 4034 alut
413 3982 480 4036 tuor
491 3993 572 4041 nauta
586 3986 626 4037 Μ
640 3983 773 4041 millam!
795 3986 937 4045 hilma
956 3989 1079 4046 ma!
1092 3990 1160 4039 Auri·-

206 4075 216 4114 l
279 4069 310 4115 R·
