2574 4732
554 327 644 397 1516.
736 329 740 336 ’
1079 333 1120 405 ti

62 492 180 565 aliqua,
200 497 236 546 ut
255 487 378 559 Eclogaa
392 487 534 560 Baptistae
554 499 586 544 et
606 489 778 545 collecturae
800 497 873 556 tuae,
901 507 977 565 quas
993 501 1117 565 oportet

62 599 95 642 ur
114 586 239 658 patiaris
258 586 291 640 in
313 585 455 640 damnum
480 591 565 637 tuum
584 582 640 637 ire.
676 584 856 656 Hucusque
880 589 959 643 enim
980 599 1046 643 ooo
1061 608 1117 662 po.

61 681 177 735 ruimus
194 694 230 732 ea
248 677 428 733 distrahere.
463 675 691 744 Assignavimus
706 678 806 748 itaque
827 681 965 736 semitres
983 682 1116 740 florenos

61 789 163 829 rever.
202 769 271 827 Pat.
296 769 418 826 Vicsrio
447 781 504 834 pro
532 777 580 826 te:
612 772 650 825 de
675 770 795 843 reliquo
826 773 949 829 dimidio
979 776 1117 847 horeno,

61 878 155 938 quem
175 865 203 920 ei
222 864 332 932 debes,
361 874 395 918 tu
419 860 591 924 laborabis,
614 873 648 918 ot
668 865 922 935 veleatisi'acias,
948 869 997 922 vel
1011 871 1118 927 remis.
1146 875 1148 880 ⁴

58 959 181 1015 sionem
209 957 304 1014 debiti
330 956 485 1026 impetres.
519 956 602 1014 Sensi
627 958 726 1023 enim,
752 959 1036 1016 reverendissimum
1060 963 1118 1019 Pa.

60 1062 160 1122 trem,
178 1060 213 1115 ut
231 1053 284 1109 tibi
302 1052 500 1120 inclinatum,
517 1066 579 1106 non
597 1049 746 1106 difficilem
763 1049 831 1106 iore
849 1053 886 1108 ari
904 1054 1119 1113 remittendum

61 1147 137 1215 tibi,
159 1148 241 1219 quod
263 1153 411 1218 superest.

131 1240 281 1296 Craterum
310 1240 381 1312 quid
406 1248 473 1309 aget
502 1237 599 1293 anime
627 1245 696 1306 toa,
729 1239 809 1295 seire
835 1240 943 1312 cupio.
975 1247 1119 1299 utmmne

62 1334 184 1391 tandem
212 1349 296 1389 suam
326 1342 451 1403 pertaesa
473 1334 626 1404 propriam
650 1331 798 1401 justitiam
824 1333 920 1389 discat
946 1334 977 1388 in
1000 1336 1119 1405 justitia

64 1427 179 1485 Christi
199 1428 347 1498 respirare
369 1438 459 1499 atque
478 1426 640 1481 confidere.
678 1425 788 1482 Fervet
806 1428 886 1482 enim
905 1438 1012 1486 nostra
1030 1440 1117 1489 state

62 1523 190 1581 tentatio
210 1522 432 1594 praesumtionis
452 1523 483 1576 in
507 1519 629 1586 multis,
657 1520 743 1575 eriis
768 1521 939 1591 precipue,
968 1522 1018 1589 qui
1041 1523 1118 1598 justi

64 1626 93 1671 et
119 1617 191 1673 boni
212 1613 280 1672 'esse
303 1615 445 1671 omnibus
469 1613 585 1669 viribus
605 1611 747 1668 student:
782 1613 954 1680 ignorantes
969 1615 1119 1684 justitiam

61 1710 144 1780 Dei,
170 1727 236 1782 quae
257 1709 287 1764 in
308 1709 433 1764 Christo
453 1718 499 1761 est
519 1705 609 1762 nobis
627 1706 808 1762 effusissime
827 1718 856 1762 et
877 1709 969 1777 gratis
987 1709 1118 1778 donata,

64 1814 201 1876 quaerunt
230 1804 260 1857 in
286 1818 319 1857 se
347 1801 421 1871 ipsis
444 1810 506 1854 tam
530 1801 581 1855 diu
608 1802 727 1872 operari
750 1799 845 1864 hene,
875 1802 972 1856 donec
989 1801 1119 1857 habeant

62 1897 204 1953 liduciam
222 1897 319 1952 standi
332 1911 438 1950 coram
457 1894 543 1960 Deo,
562 1895 654 1951 veluti
670 1895 831 1951 virtutibus
850 1892 881 1950 r't
900 1895 1015 1950 meritis
1030 1911 1120 1950 orna.

60 1991 110 2059 ti,
141 1988 226 2060 quod
252 2001 298 2043 est
323 1987 507 2060 impossibile
533 1987 608 2044 fieri.
651 1988 745 2044 Fuisti
773 1998 805 2043 tu
827 1990 903 2061 apud
928 2005 984 2045 nos
1007 1989 1037 2043 in
1061 1987 1119 2043 hac

61 2083 223 2156 opinione,
242 2082 445 2149 irnoerrore,
463 2081 504 2136 lui
525 2092 554 2136 et
571 2099 645 2152 ego:
663 2083 717 2138 sed
736 2091 767 2137 et
785 2098 865 2137 uuno
878 2099 999 2154 qnoque
1015 2099 1118 2156 pugno

62 2187 174 2235 contra
193 2176 284 2231 istum
303 2191 457 2243 errorem,
476 2177 529 2231 sed
546 2177 680 2231 nondum
698 2176 877 2248 expugnari.

130 2271 247 2340 Igitur,
272 2271 314 2326 mi
332 2269 428 2325 dulcis
451 2269 576 2338 Frater,
595 2271 676 2327 disce
697 2268 853 2325 Christum
870 2281 900 2326 et
917 2271 1000 2327 hune
1019 2258 1118 2329 cruci.

61 2364 173 2431 lixum,
204 2364 287 2420 disce
308 2366 335 2420 ei
360 2374 481 2419 cantare
507 2378 539 2419 et
559 2365 597 2419 ‹le
623 2374 653 2418 te
675 2363 740 2435 ipso
758 2364 1047 2436 desperans'dicere
1073 2367 1119 2423 ei:

62 2470 108 2529 tu,
130 2454 263 2514 Domine
282 2457 357 2513 Jesu
368 2498 377 2526 ‚
400 2473 432 2513 ee
446 2457 562 2527 justitia
577 2474 662 2525 mea,
683 2474 739 2526 ego
761 2468 861 2512 autem
879 2475 947 2513 sum
962 2472 1120 2531 peccatum

63 2562 169 2607 tuum:
195 2561 229 2606 tu
254 2551 418 2608 assumsisti
438 2567 560 2620 meum,
586 2562 617 2606 et
642 2552 749 2608 dedisti
773 2552 846 2606 mihi
867 2563 970 2608 tunm:
1003 2569 1120 2608 assum.

64 2646 148 2714 sisti,
167 2647 248 2716 quod
266 2661 327 2701 non
344 2661 429 2713 eras,
446 2653 477 2699 et
494 2646 601 2701 dedisti
619 2646 693 2701 mihi
703 2686 712 2713 ,
729 2646 810 2718 quod
832 2661 893 2699 non
910 2661 1003 2700 erem.
1023 2646 1118 2700 Cave.

64 2756 104 2794 ne
126 2740 282 2812 aliquando
303 2740 340 2793 ad
361 2747 473 2791 tantam
496 2739 657 2808 puritatem
683 2739 814 2808 aspires,
837 2747 871 2792 ut
892 2750 1036 2808 peccator
1065 2739 1120 2793 tibi

65 2833 162 2889 videri
192 2820 289 2900 nolis,
318 2831 381 2887 imo
405 2847 481 2885 esse.
517 2832 659 2886 Christus
680 2833 760 2885 enim
782 2845 844 2886 non
871 2830 926 2884 nisi
956 2830 986 2884 in
1012 2846 1122 2901 pecca.

65 2926 188 2984 toribus
208 2926 335 2983 habitat.
371 2924 446 2980 Ideo
469 2925 550 2980 enim
574 2924 730 2980 descendit
750 2925 786 2977 de
806 2924 883 2978 coelo
895 2962 905 2991 ,
933 2921 985 2978 ubi
1005 2923 1123 2980 habitat

65 3021 223 3091 injustis,
249 3031 283 3075 ut
303 3020 393 3075 etiam
413 3017 564 3074 habitaret
592 3020 621 3073 in
648 3016 870 3090 peccatoribus.
907 3016 999 3072 Istam
1021 3018 1122 3074 chari.

65 3125 161 3170 tatem
188 3114 252 3183 ejus
283 3113 418 3180 rumina,
450 3122 480 3167 et
505 3111 621 3168 videbis
645 3112 848 3167 dulcissimam
877 3112 1119 3168 consolationem

64 3208 145 3278 ejus.
180 3207 208 3260 Si
224 3207 302 3260 enim
321 3207 434 3262 nostris
457 3206 612 3263 laboribus
630 3216 660 3260 et
679 3204 887 3261 afflictionibus
905 3204 940 3259 ad
961 3207 1121 3261 couscien-

65 3304 116 3356 tim
145 3302 277 3370 quietem
300 3301 458 3370 peruenire
484 3310 631 3371 oportet:
663 3299 787 3371 utquid
809 3299 857 3352 ille
880 3308 1020 3355 mortuus
1050 3302 1118 3356 est?

65 3395 164 3465 Igitur
183 3411 244 3448 non
266 3394 321 3448 nisi
343 3394 371 3447 in
400 3395 451 3448 illo
466 3432 475 3458 ‚
490 3408 544 3466 per
569 3394 736 3449 fiducialem
758 3393 996 3463 desperationem
1019 3393 1061 3447 tui
1087 3403 1119 3450 et

66 3504 197 3558 operum
217 3496 339 3542 tuorum
349 3525 359 3554 ,
376 3504 482 3559 pacem
496 3489 646 3546 invenies:
666 3488 763 3542 disces
781 3486 902 3558 iusuper
919 3502 959 3541 ex
981 3487 1066 3561 ipso,
1084 3495 1121 3541 ut

65 3581 225 3651 sicutipse
241 3580 375 3651 suscepit
390 3591 438 3648 te,
456 3591 488 3638 et
506 3592 630 3653 peecata
645 3592 696 3637 tua
711 3580 783 3637 fecit
795 3595 866 3649 sna,
885 3589 916 3634 et
933 3581 1017 3636 suam
1028 3579 1119 3650 justi.

66 3677 141 3730 tiam
165 3675 237 3729 iecit
262 3685 355 3732 tuam·

138 3768 169 3823 si
199 3766 327 3822 tirmiter
352 3767 413 3823 hoc
436 3769 558 3838 credas,
582 3770 658 3824 sicut
677 3768 769 3825 debes
795 3765 992 3838 (maledictus
1018 3767 1120 3835 enim,

69 3861 121 3932 qui
136 3861 200 3917 hoc
219 3877 280 3915 oon
301 3861 421 3931 credit)
439 3863 478 3916 ita
496 3874 526 3917 et
545 3875 578 3917 tu
597 3865 706 3919 iratres
720 3861 954 3932 indisciplinatos
974 3869 1005 3915 et
1020 3862 1120 3916 adhuc

68 3964 207 4011 errantes
224 3955 353 4026 suscipe,
372 3964 402 4009 et
419 3957 566 4027 patienter
581 3959 738 4028 sustineas,
757 3968 846 4031 atque
867 3973 907 4013 ex
925 3970 1032 4012 eorum
1050 3969 1124 4023 pec.

170 4047 240 4128 ill.
265 4047 292 4116 l.
413 4067 418 4076 ·
866 4056 887 4115 2
