2574 4732
180 324 247 391 ³56
665 323 755 392 1519.

188 493 221 541 et
250 482 315 537 hoc
345 482 381 536 stt
408 479 627 535 nobilissimam
660 481 760 535 virum
783 477 1046 547 Pyrcheymerum·
1060 471 1261 533 Nurmber„

161 566 165 571 ⁴
187 592 312 648 gensem
327 574 434 644 scripsi
450 577 502 640 ⁹),
520 583 666 628 staturam
683 573 844 629 victoriam
865 568 1089 625 Carotostadio:
1109 577 1141 622 et
1159 567 1236 622 illud

131 666 136 677 “
187 669 300 727 scheda
330 668 448 738 publica
463 665 530 730 ⁸⁸).
566 666 805 722 Carolostadium
830 681 892 719 non
922 663 1079 732 fugitivum
1104 660 1236 716 militem

188 763 253 832 (sic
274 778 344 816 eum
370 772 403 815 ιιι
421 759 617 830 traduxeras)
642 775 821 826 venturum,
844 759 993 813 victorem
1007 755 1129 810 Ecciani
1143 770 1237 809 οπο.

188 858 232 913 ris
247 856 433 926 jamdudum.
471 853 581 908 Omnia
598 853 664 909 hnc
681 870 752 908 vera
769 862 839 908 sunt
852 852 944 907 hortie
958 867 1097 925 quoque,
1116 848 1236 905 etiamsi

183 952 303 1023 judices
321 949 399 1004 aliud
411 947 599 1018 judicarent,
617 947 699 1018 quod
716 963 778 1000 non
792 927 890 1017 spere.

257 1045 334 1101 Hinc
355 1043 438 1100 intuli
460 1043 576 1107 omnia,
605 1057 671 1112 quas
698 1040 734 1095 ad
757 1039 914 1094 veritatem
940 1039 1019 1093 hanc
1045 1047 1237 1109 sequnntur,

189 1139 262 1194 licet
284 1137 337 1192 tihi
359 1118 561 1203 indignissima
583 1134 646 1188 visa
662 1133 677 1201 (
686 1133 767 1205 quod
789 1131 927 1198 miror):
946 1149 1053 1204 nempe
1071 1133 1152 1202 quod
1171 1144 1236 1190 tres

189 1242 288 1289 sectas
295 1228 545 1286 scholasticorum
553 1227 714 1281 doctorum
722 1226 1024 1296 nobilioresnegaris,
1038 1228 1087 1297 qui
1104 1226 1236 1281 liberum

190 1321 390 1389 arbitrium⁰)
409 1333 476 1375 ante
492 1320 617 1389 gratiam
632 1320 745 1376 ιιιιΙΙιιιιι
767 1331 868 1377 actum
893 1323 1102 1390 meritorium,
1131 1332 1236 1377 tamen

189 1429 308 1486 actum,
332 1415 382 1488 qui
405 1431 466 1470 non
492 1414 532 1470 ait
554 1425 731 1485 peccatum,
764 1416 865 1486 etqui
889 1418 1013 1485 gratiam
1033 1418 1070 1471 de
1092 1432 1233 1485 congruo

188 1520 374 1576 emereatur,
401 1508 551 1564 tribuunt:
578 1509 651 1563 item
671 1509 832 1564 articulum
851 1509 1001 1565 Johannis
1020 1510 1100 1565 Huss
1122 1509 1234 1580 (cujm

187 1606 285 1663 multo
306 1603 408 1677 piures
429 1619 510 1658 nunc
528 1612 634 1669 teneo,
658 1619 748 1674 quam
764 1601 870 1674 Lipsiae
885 1603 1036 1664 tenebam,
1062 1612 1096 1658 ut
1110 1620 1168 1659 suo
1186 1605 1234 1660 die

188 1700 364 1766 ostendam)
383 1697 664 1753 christianissimum
678 1712 744 1752 esse
763 1708 794 1753 et
808 1708 912 1764 tunm,
937 1698 966 1753 in
987 1714 1048 1767 quo
1068 1708 1234 1753 censentur

191 1805 276 1874 actus
295 1792 434 1858 hnmani,
462 1791 607 1846 divisione
626 1791 813 1861 immediata,
839 1801 888 1848 ant
907 1791 979 1847 boni
995 1802 1046 1845 aut
1061 1792 1140 1846 mati.
1177 1792 1237 1849 Hic

189 1889 270 1944 enim
284 1887 440 1943 evidenter
452 1887 605 1954 sequitur.
624 1887 648 1940 si
663 1896 732 1940 ante
747 1887 871 1954 gratiam
885 1902 946 1941 non
961 1885 1018 1940 nisi
1038 1897 1143 1957 peccat
1157 1885 1235 1941 libe.

190 1983 259 2036 rutn
277 1979 452 2035 arbitrium·
470 1979 550 2032 sicut
567 1989 598 2031 et
616 1989 715 2033 sectas
731 1981 894 2035 doctorum
912 1978 1164 2035 scholasticorum
1187 1997 1236 2035 er.

189 2091 258 2130 rere
274 2074 424 2144 sequitur.
444 2072 474 2126 in
488 2087 545 2126 suo
562 2088 700 2140 congruo
718 2084 814 2141 actu.⁸
835 2073 897 2127 Stat
913 2073 993 2127 enim
1008 2072 1132 2127 verbum
1148 2073 1237 2144 itiud5

154 2192 159 2199 ·
187 2181 250 2220 non
268 2166 323 2219 nisi
342 2165 378 2219 ad
401 2165 587 2233 peccandum
610 2166 689 2220 velet
714 2165 844 2219 liberum
863 2163 1021 2219 arbitrium
1044 2167 1108 2219 sine
1127 2170 1238 2231 gratia.

255 2255 345 2310 Intuli
362 2271 483 2326 quoque
499 2255 673 2323 verissime,
691 2267 721 2310 te
741 2256 931 2325 Pelagienum
948 2255 1121 2310 hereticum
1136 2258 1237 2315 fuisse

186 2362 381 2402 reversurum
401 2346 627 2415 lngolstadium,
647 2350 703 2403 nisi
718 2348 875 2404 confessus
890 2349 997 2403 fuisses
1016 2348 1094 2402 hanc
1112 2359 1240 2404 senten.

185 2442 273 2511 tiam,
305 2439 565 2510 quod-verissime
587 2441 627 2496 sit
647 2439 859 2511 Pelaginnum,
889 2451 990 2497 sctum
1016 2443 1079 2496 sine
1103 2455 1237 2512 peccato

185 2535 315 2591 liberum
335 2533 489 2588 arbitrium
511 2535 581 2588 dare
601 2544 670 2590 ante
690 2536 831 2603 gratiam,
862 2545 894 2589 ut
913 2536 1026 2589 faciunt
1042 2535 1236 2593 scholastici.

133 2617 138 2623 ¹
184 2630 258 2688 Non
281 2629 363 2700 quod
383 2628 449 2682 ideo
471 2627 619 2698 Pelagiani
642 2631 717 2696 sint,
742 2630 822 2685 sicut
843 2630 996 2685 dialectica
1017 2640 1067 2684 tua
1088 2632 1193 2686 solitas
1203 2622 1233 2699 d)

189 2724 274 2780 ducis
295 2722 540 2793 consequentiae,
561 2724 706 2793 quianon
726 2725 918 2794 pertinaciter
936 2734 1129 2793 erraverunt,
1153 2726 1235 2781 sicut

189 2828 223 2873 tu
243 2817 343 2871 fueras
364 2825 536 2882 eruturus,
556 2816 581 2871 si
603 2819 716 2871 erroris
736 2818 878 2874 defensor
901 2819 1122 2889 permansisses.
1158 2818 1234 2875 Ideo

189 2910 391 2965 calendarium
410 2910 481 2964 illud
500 2911 662 2965 doctorum
677 2927 730 2966 seu
750 2913 901 2984 catalogus
919 2922 976 2968 tum
995 2924 1041 2967 est
1055 2914 1236 2968 acutissimas
1257 2901 1260 2905 ’

190 3004 352 3061 dialecticae
381 3005 588 3060 testimonium
616 3005 722 3075 fidele,
752 3023 817 3076 que
842 3022 960 3077 semper
991 3007 1078 3062 latius
1108 3008 1233 3068 clamat,

190 3114 279 3168 quam
299 3099 410 3152 videat.
963 3078 968 3088 ’
1242 3091 1252 3112 '

262 3193 386 3262 Insuper
412 3192 509 3255 duxi,
545 3194 691 3250 cecidisse
722 3195 961 3264 theologistriam
991 3195 1162 3250 carnificem
1196 3198 1235 3252 de

187 3286 297 3340 merito
320 3285 465 3353 congrui,
493 3287 529 3340 de
553 3289 654 3342 facere
679 3291 759 3359 quod
783 3301 829 3345 est
851 3291 952 3358 inse,
983 3299 1014 3344 et
1039 3304 1146 3344 caerera
1171 3290 1236 3346 illic

189 3378 329 3443 censita,
366 3380 433 3447 quia
455 3389 523 3435 ante
541 3383 665 3450 gratiam
681 3400 742 3437 non
761 3384 815 3439 nisi
834 3395 991 3454 peccatum
1009 3400 1096 3453 esse,
1130 3385 1239 3440 datum

189 3479 273 3536 erat,
301 3481 459 3540 peccatum
485 3485 585 3528 autem
611 3477 647 3530 ad
666 3479 791 3545 gratiam
810 3495 977 3548 congruum
995 3495 1146 3551 nunquam
1165 3496 1238 3537 essa

243 3675 271 3722 e)
299 3664 419 3718 ἓὸῐώιι
434 3667 527 3719 batim:
549 3673 625 3722 tibere
639 3676 748 3723 arbitrio.

243 3751 274 3801 tl)
303 3750 331 3794 t.
351 3747 432 3793 solita.

188 3833 380 3856 ..ua—n—

201 3946 205 3953 ι
241 3880 270 3927 *ι
298 3836 543 3928 murmuretis.
638 3834 641 3840 ι

240 3957 280 4009 *·)
310 3955 346 4008 {31¹
365 3957 403 4002 brt
420 3958 547 4003 excusaris
563 3958 617 4002 adr.
635 3956 816 4007 criminationes
832 3962 870 4014 Jo.
888 3962 954 4011 Ereti
976 3963 1017 4019 m
1040 3961 1163 4018 imm
1184 3964 1235 4016 111,

183 4032 237 4081 566.
262 4035 299 4092 st
313 4035 351 4083 tre
367 4035 425 4089 zen.
435 4035 509 4090 nuta.
524 4036 544 4085 1.
557 4036 606 4083 226.
624 4036 682 4090 ttttt
695 4039 777 4094 arcete
792 4040 851 4097 stete
864 4042 952 4119 etate.
