2574 4732
129 356 135 361 ·
172 330 236 402 ssu
655 325 748 396 1519.
808 292 812 296 “

88 499 93 506 ’
172 491 247 551 nibai
263 505 324 544 nun
342 487 482 554 simulas,
500 491 628 556 excepta
646 484 761 540 furiosa
779 483 1005 559 criminatione,
1024 488 1099 545 licet
1113 497 1145 544 et
1159 486 1240 548 bnis

174 585 347 660 peniculum
369 584 513 636 simulatae
531 580 686 635 modestiae
704 579 857 636 adhibeas.
870 577 910 648 ⁰)

176 716 182 723 -
246 679 402 733 Dixerum
421 675 494 729 mihi
515 684 583 728 aute
600 674 833 745 disputationem
849 678 956 746 insigni
976 679 1139 735 autoritate
1159 681 1236 738 viri:

175 790 269 839 cave,
296 771 453 837 Luthere,
481 779 610 840 experto
635 771 743 825 crede:
767 769 862 826 bomo
885 774 940 827 iste
968 773 1041 828 nihil
1066 775 1123 828 nisi
1150 773 1237 832 fictio

142 926 146 932 ,
175 880 220 922 est
238 879 267 920 et
282 865 445 920 simulatio.
469 863 541 919 Non
558 864 671 919 credidi
687 864 747 931 eis,
765 874 822 919 nes
836 867 977 920 omuibus
989 868 1127 923 sensibus
1141 869 1237 938 meis,

173 961 246 1016 licet
270 959 390 1016 Erasmi
417 958 543 1029 epistola
570 967 601 1012 et
626 958 755 1012 Udalrici
784 957 869 1013 Zasii
894 961 1030 1030 apologia
1047 958 1084 1028 *)
1103 978 1230 1033 quoque

174 1055 266 1109 telem
292 1063 324 1108 te
350 1053 423 1107 milti
454 1052 628 1107 formarent.
673 1051 753 1105 Tam
774 1066 951 1107 constanter
978 1056 1015 1108 de
1036 1058 1075 1108 'te
1101 1056 1234 1122 cogitari

174 1149 313 1218 optime,
329 1160 480 1216 uunquam
502 1145 588 1200 aliter
605 1140 809 1213 cogitaturus,
826 1147 882 1200 uisi
902 1145 966 1201 hoo
985 1148 1178 1219 sterquilinio
1203 1160 1235 1207 ts

174 1241 297 1314 publice
317 1239 385 1296 orbi
406 1240 591 1293 traduxisses
610 1239 834 1294 odiosissimum
854 1241 1072 1295 simulatorem.

246 1334 314 1389 Huc
340 1335 491 1404 pertinet,
519 1335 599 1403 quod
629 1336 660 1387 in
689 1332 767 1387 foeda
798 1344 830 1387 et
849 1332 992 1388 obscoerta
1019 1335 1143 1404 epistola
1170 1353 1233 1406 pra

173 1427 292 1486 crateris
311 1427 420 1483 scribis
439 1429 474 1483 ad
489 1429 676 1483 clarissimos
693 1440 764 1482 tuos
782 1427 1050 1495 ingolstadienses,
1070 1431 1125 1483 etsi
1147 1427 1230 1500 (pro

175 1524 349 1579 sinceritate
383 1527 590 1593 apertissima)
622 1523 744 1578 fortiter
772 1523 896 1577 simulas
923 1533 985 1577 tere
1013 1540 1075 1577 non
1100 1525 1235 1593 jactasse

174 1618 338 1685 victorias,
357 1627 386 1672 te
410 1619 651 1675 Carolustadium
673 1619 802 1673 traxisse
816 1619 853 1671 ad
875 1618 1060 1671 activitatem
1079 1619 1234 1674 liberitr.

173 1709 275 1777 bitrii,
301 1712 389 1768 simul
415 1713 541 1778 dolens,
566 1716 647 1785 quod
671 1712 851 1784 permiseras
872 1715 899 1766 ei
921 1713 1038 1781 vesperi
1061 1715 1236 1780 responsio.

173 1820 245 1861 usur
270 1808 349 1861 illam
378 1825 482 1880 parare
508 1824 681 1878 egregiam,
706 1818 811 1877 quate
831 1806 1094 1875 omniumjudicio
1116 1808 1235 1875 redegit

174 1903 213 1956 ad
228 1897 380 1964 nibilum,
409 1905 488 1958 sicut
509 1902 768 1975 ipse’conliterist·
789 1902 919 1967 inuno,
941 1901 1062 1970 inquis,
1087 1903 1232 1970 peccavi,

174 1996 265 2065 posui
284 1995 411 2066 replicas
430 1996 467 2050 de
487 2005 603 2062 nocte,
629 2007 658 2049 et
683 1997 751 2052 dedi
769 1995 796 2049 ei
815 1994 1070 2049 deliberationem.
1108 1994 1232 2050 Sensisti

175 2087 293 2142 scilicet
318 2086 488 2142 ruinosas
513 2099 656 2142 mortem.
705 2088 797 2161 Quid»
815 2099 900 2156 putas
919 2087 1032 2141 lactum
1052 2086 1178 2147 luisset.
1207 2090 1232 2144 si

174 2181 295 2238 omnia.
324 2181 403 2234 sicut
430 2180 572 2247 decebat,
601 2183 707 2235 eadent
730 2179 945 2234 deliberatione
973 2189 1056 2245 gesta
1079 2178 1233 2238 tuissentt

173 2272 254 2327 siout
271 2271 490 2325 laudatissimus
510 2270 673 2344 Prinoeps,
694 2272 772 2331 Dux
792 2270 967 2337 Georgius,
986 2270 1157 2335 ordinarat,
1176 2275 1232 2340 qui

174 2371 236 2418 non
271 2362 326 2419 uisi
356 2357 513 2417 veritatem
540 2365 630 2435 quatri
661 2363 776 2431 voluit,
807 2372 837 2417 et
864 2364 983 2429 omnis,
1013 2379 1078 2432 quaa
1104 2364 1140 2415 ad
1167 2362 1233 2417 hoc

176 2448 265 2528 quam
289 2446 402 2526 optime
425 2460 578 2526 valerent,
596 2474 686 2529 quem
706 2468 758 2527 tu,
776 2457 855 2512 boue
877 2457 984 2524 Deus,
1003 2473 1091 2527 quam
1112 2457 1235 2513 sincere

174 2553 206 2608 in
223 2561 302 2607 tuam
322 2563 435 2622 partem
455 2553 572 2613 laudas,
593 2553 754 2621 videlicet,
773 2553 854 2623 quod
874 2552 993 2622 optima
1014 2552 1118 2622 optimi
1138 2551 1229 2606 Prin.

175 2646 433 2718 cipis-voluntatis
451 2647 527 2700 tales
547 2646 646 2701 fuistis
666 2657 862 2701 executores.

173 2772 177 2778 -
245 2741 328 2815 Quid
350 2751 382 2794 tu
406 2720 521 2796 iaceres
544 2755 601 2811 pro
631 2743 756 2795 veritate
779 2742 946 2807 sincerum,
973 2742 1023 2812 qui
1046 2758 1106 2796 nou
1129 2742 1230 2796 solum

177 2835 366 2889 machinatus
385 2848 417 2887 es
437 2848 505 2888 cum
526 2835 602 2901 tuis,
624 2851 661 2886 ne
679 2834 841 2889 deliberate
858 2847 887 2888 et
899 2835 1056 2910 diligenter
1075 2839 1232 2906 proposita

177 2930 291 2983 veritas
312 2938 515 2999 quaereretur,
535 2929 587 2984 sed
603 2929 740 2997 gloriaris
757 2929 846 2982 etiam
862 2931 891 2983 in
907 2929 963 2983 hao
976 2929 1103 2996 malitia,
1122 2940 1232 3000 potens

178 3023 209 3075 in
227 3023 401 3092 iniquitate,
420 3024 448 3076 id
464 3024 559 3075 unice
577 3024 757 3094 querulam,
779 3023 912 3076 nonnihil
931 3023 1129 3092 periclitatam
1151 3024 1233 3088 hanc

179 3124 262 3168 turm
291 3117 483 3171 machinam?
507 3116 585 3170 Nam
606 3127 636 3170 et
656 3118 773 3188 publica
793 3116 822 3170 id
846 3117 981 3170 indicasti
1001 3117 1141 3185 querela,
1160 3133 1233 3171 cum

175 3226 261 3278 paene
280 3213 434 3280 plorares,
455 3212 539 3266 illurn
555 3212 696 3266 babuisse
713 3210 866 3280 exemplar
882 3211 1003 3277 notarii,
1023 3226 1092 3263 oum
1107 3220 1142 3263 tu
1157 3211 1235 3266 inte.

178 3302 235 3354 rim
259 3303 425 3357 laudabaris
448 3304 643 3374 Lipsensibus
665 3305 742 3367 tuis.
770 3307 850 3376 quod
874 3304 947 3357 nibil
969 3316 1105 3358 moratus
1125 3319 1237 3359 exem.

178 3395 288 3464 piaris,
316 3397 403 3449 etiam
424 3395 500 3449 bene
528 3406 616 3469 polus
639 3415 744 3469 posses
765 3398 960 3452 nihilominus
980 3399 1234 3453 victoriosissime

179 3490 309 3543 clamare
327 3486 501 3559 (disputare
519 3492 599 3545 volui
620 3490 753 3557 dicere).
790 3489 830 3546 Et
852 3494 1007 3562 quomodo
1028 3508 1088 3546 uon
1106 3506 1234 3563 posses,

180 3586 229 3654 qui
250 3582 359 3650 lingere
378 3584 507 3652 quodvis
526 3584 579 3640 tibi
599 3588 842 3656 praesumsisses?
869 3597 900 3640 et
927 3586 1025 3641 adhuc
1044 3594 1178 3657 apertum
1201 3596 1236 3641 et

180 3681 331 3734 sincerum
351 3678 437 3732 nobis
456 3677 582 3734 Eccium
602 3681 743 3736 omnibus
762 3688 869 3734 nolum
888 3680 1034 3735 obtrudis.

233 3886 263 3930 o)
283 3881 346 3928 Vir.
361 3882 428 3933 Jen.
447 3880 473 3926 t.
489 3882 616 3926 adhibitas.
634 3879 737 3926 Auril.
755 3880 821 3930 turdi
835 3881 902 3927 tlnrn
913 3879 1060 3933 §liuditum
1077 3880 1158 3926 adhibi
1174 3893 1227 3929 ets.

181 3961 376 3979 Μ

232 4005 260 4056 ⁸)
290 4006 317 4049 tl.
332 4002 428 4067 stipi.
451 4000 648 4054 nrntssrltlrtrr
663 4011 689 4054 stt
705 3976 823 4056 {sanburn
845 4004 870 4049 ln
885 4002 1021 4055 merlinus.
1044 4002 1124 4053 (artri
1140 4003 1230 4058 apoto·

180 4079 246 4135 ziam
261 4096 283 4128 c.
298 4083 404 4131 Eretum.
422 4084 478 4136 illul.
493 4084 610 4130 illaleh.
626 4084 730 4130 Adam.
745 4084 788 4129 rit.
803 4084 917 4136 ,ictorum
932 4096 954 4140 p.
970 4083 1013 4129 35.
1172 4099 1184 4130 t
