2574 4732
166 303 225 376 tto
640 301 731 368 tsts.

165 467 289 530 lacere,
306 461 332 517 is
356 475 405 515 ms
432 458 610 515 inventurus
633 466 682 514 est
706 465 843 532 peratum
879 459 982 518 doceri
1011 469 1062 518 aut
1088 463 1211 522 docere.

163 557 292 614 Mecum
310 556 400 624 igitur
419 563 526 623 agant:
556 552 628 625 quid
647 550 823 627 Principem
845 561 876 609 at
898 555 973 612 alios
995 556 1025 612 in
1049 537 1099 612 his
1119 558 1211 623 rebus

165 653 278 707 frustra
299 650 443 717 fatigant?
467 648 520 704 sad
537 647 620 704 setis·
752 642 756 651 ’

232 745 308 800 Orta
323 752 369 798 est
385 742 461 814 apud
478 741 577 797 bonos
598 740 804 798 adolescentes
820 748 945 798 nostros
960 743 1103 815 quaestio,
1121 760 1210 816 qoem

165 837 393 896 consulentibus
415 836 516 892 aulicis
533 834 751 903 unisonum,
770 844 822 891 aut
838 851 892 906 per
910 845 940 891 ts
955 835 1088 909 Principi
1104 850 1210 894 nostro

163 934 313 989 insinuare
341 931 440 986 visum
465 941 520 985 est.
562 926 605 983 Ea
625 939 725 984 eutem
748 930 808 985 cst't
832 930 935 1002 quod,
959 946 1028 985 cum
1049 947 1129 989 nunc
1149 931 1208 988 Dei

163 1027 257 1097 gratia
276 1026 397 1097 optimas
414 1023 560 1079 lectiones
575 1023 711 1092 vigeant,
728 1032 760 1076 et
777 1021 835 1092 ipsi
853 1023 929 1078 mise
946 1024 977 1080 in
993 1040 1094 1080 sacras
1108 1024 1214 1082 literas

162 1122 372 1192 sinceramque
387 1115 572 1186 theologiam
584 1117 723 1179 sedeant,
743 1115 853 1171 durum
867 1116 912 1172 eis
929 1117 1068 1186 videtur,
1084 1127 1212 1192 psopter

162 1224 211 1271 tot
238 1212 385 1269 lectiones
411 1210 497 1278 alias,
523 1224 596 1280 quse
622 1225 679 1281 pto
699 1208 841 1279 gradibus
865 1212 1213 1287 complasmatum,

161 1315 346 1381 postponere
365 1303 516 1374 optimas,
533 1310 583 1357 aut
603 1301 710 1358 saltem
727 1303 816 1359 nimis
834 1305 951 1372 gravari
970 1307 1118 1378 utrisque.
1151 1307 1213 1364 Pe.

161 1410 229 1457 tunt
245 1399 353 1466 igitur,
372 1398 397 1453 ti
418 1395 481 1452 fieri
506 1396 623 1467 possit,
642 1406 678 1452 ut
696 1396 802 1453 ethica
827 1396 920 1454 lectio
948 1398 1039 1462 (cum
1060 1399 1100 1455 sit
1124 1401 1210 1471 plene

162 1494 199 1549 ad
212 1492 396 1560 theologiam
409 1491 498 1564 lupus
512 1491 549 1547 ad
563 1491 694 1559 agnum)
711 1488 937 1562 permitteretne
951 1490 1063 1560 libera,
1080 1493 1211 1562 scilicet,

163 1586 392 1659 quibuscunque
408 1584 517 1641 liberet
532 1585 694 1652 audienda,
712 1584 796 1641 salvo
816 1600 877 1641 uon
896 1585 994 1641 miuus
1009 1588 1210 1657 promotionis

161 1680 322 1737 beneficio.
364 1678 436 1735 Alie.
451 1679 540 1734 etiam
560 1679 686 1751 quaestio
707 1678 852 1748 vertitur,
872 1679 939 1750 quis
957 1680 1066 1735 modus
1089 1679 1209 1736 futurus

162 1775 204 1829 sit
221 1761 779 1830 examinandommBnccslnuseornm
800 1782 832 1829 et
850 1771 1143 1842 Magistrandorum,
1162 1790 1209 1828 ss.

163 1869 295 1923 cundum
315 1883 410 1924 novas
427 1867 596 1922 lectiones:
618 1868 675 1926 sed
693 1867 724 1923 in
742 1866 805 1923 hoc
823 1867 878 1940 ipsi
900 1877 931 1922 et
951 1883 1006 1922 nos
1027 1867 1208 1928 viderimus,

77 1968 79 1972 “
163 1961 220 2017 uisi
240 1964 276 2016 ad
294 1977 416 2015 manum
432 1960 487 2016 tibi
504 1961 543 2015 sit
558 1971 589 2014 et
604 1961 634 2016 in
647 1970 806 2016 numerato
824 1961 983 2017 consilium
1000 1961 1128 2016 felicius.

236 2053 294 2109 Est
326 2054 402 2123 apud
429 2067 487 2107 nos
516 2052 641 2124 epistola
671 2055 806 2125 quasdam
832 2071 873 2111 ex
902 2055 979 2110 urbe
1009 2056 1109 2110 Roma
1140 2057 1212 2113 satis

164 2148 299 2214 erudita,
328 2145 526 2204 vehementer
543 2147 622 2203 acris
639 2147 670 2202 in
687 2147 841 2205 Romtm
858 2149 982 2206 astutias
992 2189 1006 2217 ‚
1032 2150 1070 2204 de
1088 2150 1212 2207 decimis

162 2240 252 2298 novis
269 2239 444 2307 exigendis,
470 2256 526 2310 pro
546 2239 628 2298 bello
647 2241 791 2297 adversus
810 2241 949 2307 Tuscos,
973 2258 1039 2312 quas
1057 2243 1212 2298 evidenter

162 2332 339 2402 excogitatas
364 2349 381 2385 a
406 2330 586 2388 Florentinis
612 2328 796 2390 avarissimis
820 2334 972 2402 omnim,
1000 2350 1077 2405 qnos
1102 2335 1211 2390 coelum

160 2428 251 2497 tegit,
277 2434 514 2494 cognoscuntur.
562 2427 624 2499 Ipsi
643 2425 722 2483 enim
743 2427 902 2485 Pontificis
921 2427 1064 2485 facilitate
1085 2435 1211 2484 utuntur

162 2522 195 2579 iu
222 2533 342 2576 omnem
366 2533 426 2574 suas
452 2520 605 2590 vortginis
629 2521 793 2580 libidinem.
840 2521 899 2578 Sed
930 2522 1025 2579 oredo
1055 2524 1212 2594 exemplar

163 2618 240 2690 tpnd
264 2634 321 2674 vos
345 2618 457 2673 dudum
481 2615 592 2683 fuisse3
616 2617 748 2691 alioquin
773 2615 900 2673 scribito
924 2623 956 2670 st
974 2617 1102 2672 mittem.
1139 2618 1213 2672 Car.

164 2713 275 2768 diunales
295 2711 386 2768 enim.
401 2711 517 2780 legatos
544 2725 611 2765 etse
634 2707 740 2779 (forte
763 2697 951 2781 ignoras)‘¹)
981 2712 1127 2781 avaritias,
1146 2729 1213 2770 cer.

165 2816 229 2861 tum
249 2816 314 2877 est,
332 2807 357 2863 si
375 2821 447 2861 vera
465 2804 513 2860 illa
533 2815 605 2860 snut
622 2821 689 2877 qum
707 2805 823 2862 scribit.
905 2864 914 2880 ,

231 2899 303 2955 Vale
324 2899 354 2955 in
380 2899 536 2967 Domino,
554 2907 585 2952 et
603 2896 784 2972 Philippum>
798 2898 1024 2970 grauissimum,
1048 2901 1214 2956 eruditissi.

164 3010 269 3062 mum,
288 2993 537 3054 humanissimum
560 2992 638 3048 habe
656 2994 993 3051 commendatissimum.
1020 2995 1213 3050 Anditcritun

163 3086 256 3142 habet
266 3088 411 3142 refertum
426 3085 612 3142 auditoribus
618 3105 629 3154 3
648 3087 677 3143 in
693 3088 796 3158 primis
816 3102 921 3144 omnes
941 3088 1113 3157 theologos,
1132 3103 1213 3142 sum.

164 3195 234 3235 mos
271 3196 341 3235 cunt
370 3180 476 3235 mediis
509 3187 539 3234 et
572 3179 703 3245 infimis,
746 3181 899 3236 studiosos
926 3180 999 3238 facit
1031 3181 1213 3238 Graecitatis.

167 3271 414 3342 Wittembergss,
431 3276 448 3327 2
465 3271 668 3343 Septembris,
685 3291 763 3331 anno
780 3273 967 3331 Mnxvltt.

488 3359 490 3363 ’
822 3366 856 3424 Β.
873 3365 1026 3425 Martinus
1046 3368 1212 3427 Lutberns.

223 3668 259 3721 d)
285 3665 357 3719 cod.
374 3664 439 3719 len.
454 3665 561 3724 lgnttot.

459 3882 923 3916 *n-
978 3911 992 3935 ,ι
