2574 4732
588 331 678 396 1518.
828 359 831 363 ’
1098 335 1158 405 li?

113 487 225 544 multas
250 486 419 560 Scripturas
442 504 499 560 pre
525 504 574 543 me
602 490 804 548 adducerem.
827 499 862 545 nt
882 491 975 547 videri
999 500 1101 564 potest
1127 496 1157 550 in

115 581 258 637 schedula
278 582 483 654 responsionis
502 597 592 636 mea:
609 582 665 637 nisi
685 583 767 652 quod
786 582 822 636 de
842 582 1159 644 efficacia'saeramen.

113 683 217 730 torum
232 677 306 732 mihi
327 676 454 731 concilia
475 675 636 744 recitabat,
662 691 727 745 quae
746 691 804 729 non
823 678 943 744 negavi,
970 695 1066 751 neque
1085 699 1160 738 eon.

113 777 161 824 tra
185 785 235 824 me
262 781 356 825 erant.
398 769 571 824 Labebatur
592 778 692 824 tamen
710 768 788 824 inter
807 770 966 825 dicendum
986 787 1105 844 semper
1127 777 1158 832 in

114 863 271 935 opiniones
294 864 466 919 doctorum.
508 862 549 916 Et
570 875 717 932 expecto,
742 869 830 933 peto,
854 879 930 931 rogo
951 854 1046 934 usque
1067 867 1158 924 hodie

111 972 202 1011 amam
228 957 388 1028 Scripturas
412 956 621 1021 autoritatem,
652 957 698 1010 vel
722 957 897 1011 sanctorum
923 957 1067 1027 Petrum,
1094 978 1159 1032 quaa

115 1049 154 1104 sit
172 1057 279 1105 contra
297 1066 393 1103 meam
413 1049 492 1103 hane
510 1051 697 1104 sententiam.

183 1143 224 1199 Et
238 1154 271 1197 ut
285 1144 356 1212 tibi,
376 1145 573 1201 illustrissime
585 1135 747 1213 Princeps,
765 1157 804 1197 ex
821 1145 914 1199 corde
929 1144 1051 1216 loquare
1071 1147 1159 1205 doleo

114 1236 188 1292 totis
207 1237 374 1292 visceribus
393 1239 471 1292 hanc
491 1254 555 1290 rem
576 1238 641 1292 lidei
662 1249 773 1292 nostrae
792 1240 820 1291 in
836 1238 973 1294 Ecclesia
990 1257 1051 1294 non
1064 1242 1163 1313 solum

116 1312 236 1384 dubiam
255 1339 285 1384 et
301 1331 446 1398 ignotam,
465 1330 620 1386 sedetiam
637 1332 738 1387 falsam
757 1332 862 1401 putari.
899 1333 1027 1395 Verum,
1047 1337 1162 1406 optime

113 1421 280 1494 Princeps,
299 1438 402 1478 coram
421 1424 491 1477 Deo
511 1431 542 1477 et
560 1425 682 1491 Angelis
704 1426 769 1494 ejus
787 1436 958 1495 protestor,
976 1427 1026 1483 lint
1046 1430 1083 1481 de
1106 1431 1163 1485 alia

116 1530 183 1569 mea
204 1516 419 1586 responsione,
438 1517 579 1586 quiequid
602 1515 665 1571 lieri
687 1529 806 1586 potest,
823 1519 862 1572 sit
884 1521 971 1585 falsa,
997 1523 1035 1575 sit
1056 1534 1164 1578 contra

117 1607 389 1677 Extravagantena,
419 1609 670 1678 aitdamnanda,
701 1611 741 1664 sit
763 1613 953 1667 revocanda:
984 1615 1091 1669 faciam
1113 1616 1166 1672 hic

118 1703 217 1757 omnia
227 1743 237 1771 ,
254 1702 278 1757 si
297 1703 336 1757 ita
353 1711 509 1771 oporteat:
527 1701 606 1755 hanc
628 1708 728 1756 autem
747 1705 923 1758 sementiam
942 1706 1074 1760 moriens
1091 1726 1170 1762 con.-

117 1794 244 1864 litebor,
263 1805 294 1851 et
313 1795 412 1848 omnia
431 1795 531 1865 potius
546 1793 680 1861 negabo,
700 1810 789 1867 quam
806 1796 885 1853 illam
903 1798 1067 1853 revocabo.
1085 1799 1165 1856 Nam

117 1890 182 1944 sive
199 1890 305 1942 merita
324 1887 437 1941 Christi
454 1887 513 1942 sint
539 1887 696 1943 thesaurus
719 1889 986 1959 indulgentiarum,
1010 1909 1071 1947 non
1095 1896 1164 1952 ideo

118 1982 309 2049 indulgentiis
328 1974 436 2052 aliquid
453 1983 586 2035 accedit:
607 1980 671 2036 sive
686 1998 747 2035 non
762 1983 834 2045 sint.
856 1984 929 2039 nihil
945 1986 1014 2040 ideo
1030 1987 1163 2048 decedit:
1227 2045 1229 2050 ,

118 2083 242 2129 manent
261 2075 446 2143 indulgentiae
463 2076 491 2129 id
510 2076 589 2147 quod
604 2084 687 2141 sunt,
706 2091 888 2146 quocunque
903 2080 1023 2133 tandem
1042 2084 1164 2138 nomine

118 2168 309 2224 honorentur
331 2178 361 2225 et
380 2169 530 2224 inflentur.
574 2168 642 2224 Nec
665 2184 732 2224 eum
753 2168 822 2223 ideo
841 2171 938 2227 malus
957 2173 1165 2246 Christianus,

119 2262 144 2317 si
165 2261 360 2330 indulgentias
379 2264 488 2332 nolim,
516 2279 588 2334 quas
610 2263 658 2317 ille
683 2271 799 2316 tantum
818 2264 897 2319 solas
919 2266 1037 2322 extollit
1056 2278 1086 2323 et
1107 2287 1165 2341 pro

120 2356 162 2410 eis
177 2367 302 2426 pugnat:
321 2357 374 2411 sed
391 2358 416 2412 si
432 2358 509 2412 hanc
529 2357 595 2411 lidei
613 2357 792 2412 sententiam
811 2367 987 2426 mutavero,
1006 2360 1163 2419 Christum

119 2466 279 2518 negavero.
314 2451 361 2504 Sic
378 2453 479 2522 sapio,
505 2452 550 2506 sie
571 2453 702 2520 sapiam,
729 2451 826 2504 donec
848 2453 998 2507 contraria
1018 2458 1166 2511 sententia

118 2544 358 2613 perscripturus
379 2545 469 2599 fuerit
484 2545 625 2615 probata,
646 2554 677 2597 et
697 2544 832 2597 adductae
848 2561 902 2614 per
921 2561 970 2597 me
989 2549 1168 2604 autoritates

119 2633 288 2690 dissolutae:
307 2638 388 2706 quod
411 2637 544 2691 nondum
564 2647 612 2692 est
633 2637 765 2704 laetum,
788 2652 886 2705 neque
907 2635 959 2693 liet
983 2637 1073 2704 (Dee
1098 2657 1170 2710 pro.

120 2727 219 2800 pitin)
237 2742 379 2798 unquam.

190 2821 309 2875 Deinde
323 2822 390 2892 quia
405 2821 589 2890 indulgentiae
605 2822 769 2877 movebant
786 2822 854 2893 plus
874 2838 964 2892 qnam
978 2826 1101 2880 materia
1117 2827 1167 2882 illa

122 2915 207 2982 fidei,
233 2915 313 2968 sieut
330 2923 360 2967 et
374 2908 499 2970 scribit:
528 2916 658 2969 maxime
678 2913 823 2985 (irlqnit)
849 2930 940 2986 super
960 2917 1169 2992 indulgentiis,

124 3009 223 3063 attulit
248 3007 502 3076 Extravagantcm
533 3007 694 3063 Clementis
714 3007 767 3073 VI.
798 3018 904 3063 contra
930 3012 1169 3079 propositionem

123 3116 221 3154 meam
244 3100 369 3165 Lvlll..
398 3100 448 3154 ubi
470 3101 575 3169 negavi
596 3103 703 3157 merita
722 3103 900 3158 Sanctorum
919 3113 951 3158 et
969 3101 1081 3158 Christi
1102 3123 1170 3162 esse

124 3193 299 3248 thesaurum
324 3195 592 3262 indulgentiarum:
618 3197 697 3251 sicut
715 3197 814 3251 adhuc
834 3212 929 3265 nego,
954 3199 1061 3252 saltem
1076 3209 1110 3253 ut
1122 3202 1172 3270 ja.

125 3296 194 3341 cent
216 3296 244 3341 et
263 3298 370 3342 sonant
389 3286 503 3349 verba.
529 3298 793 3361 quantumcunque
810 3290 874 3360 ipae
891 3291 1003 3344 claram
1023 3302 1172 3360 apertam.

125 3395 183 3449 que
195 3379 290 3448 jactet
306 3378 576 3448 Extravagantem:
595 3396 651 3449 ego
669 3397 775 3440 contra
790 3380 968 3450 obscuram,
987 3383 1170 3459 ambiguam,

125 3470 320 3543 impropriam
339 3473 425 3535 dieo,
445 3473 523 3528 sieut
541 3474 570 3528 in
588 3478 785 3547 responsione
799 3491 865 3530 mea
880 3478 981 3547 priore
1000 3491 1089 3548 patet.

197 3565 289 3637 Quod
304 3576 402 3620 autern
424 3568 454 3622 in
468 3564 563 3623 literis
580 3571 641 3626 suis
659 3570 782 3638 scribit,
808 3586 857 3625 me
873 3569 985 3626 dixisse
1003 3573 1039 3627 ad
1059 3571 1172 3630 Extra.

127 3668 285 3727 vagantem
297 3660 401 3727 neseio
421 3661 491 3728 quid
506 3662 651 3717 relatione
666 3665 836 3732 indiguum:
855 3664 916 3718 hoc
937 3678 1074 3731 tanquam
1092 3669 1171 3724 laico

128 3751 243 3806 scribit.
285 3753 360 3806 lllud
385 3753 536 3821 indignum
559 3756 722 3812 relatione:
756 3757 811 3822 (ut
840 3757 943 3810 odium
975 3757 1063 3810 verbi
1093 3757 1173 3817 illius

128 3844 261 3899 revelem
283 3855 314 3900 et
336 3856 490 3916 appareat,
515 3864 551 3901 an
574 3848 635 3903 hoc
657 3850 696 3904 sit
715 3860 838 3920 paterna
857 3865 905 3901 me
926 3852 1084 3919 quaerere)
1110 3854 1173 3907 hoo

131 3937 202 4005 fuit,
222 3938 421 3995 illustrissime
442 3939 604 4011 Princeps,
629 3944 711 4013 quod
731 3943 793 3999 dixi
816 3941 1072 4010 Extravagantem
1091 3944 1173 4005 illam

210 4030 282 4110 aaa
304 4030 332 4098 Ι.
898 4040 937 4099 12
