2574 4732
173 334 240 405 sto
654 332 747 404 ists.

156 494 263 554 ‚san
278 491 440 549 aman
459 492 541 547 aare
559 491 694 566 omo
710 454 899 560 onnam.
917 480 1153 560 onosma,
1171 507 1233 548 suo

501 587 536 641 in
553 585 687 642 Domino
703 584 895 642 finissem.

630 732 655 788 J
662 750 763 794 esus·

172 862 328 955 sulutem.
368 896 466 952 Mitto
491 897 579 952 nnius
599 895 772 953 Dominica
796 912 875 968 opus
898 895 955 951 tibi
977 897 1008 950 in
1032 896 1230 968 exemplum,

172 996 216 1051 mi
234 992 400 1064 Spalstine,
426 990 478 1061 qui
499 989 616 1060 poteris
634 1007 692 1062 pro
713 1000 766 1044 tua
783 990 814 1044 in
832 990 972 1045 humenis
992 989 1088 1045 literis
1106 991 1230 1060 majore

172 1086 281 1160 peritia
296 1087 394 1157 aptius
408 1092 440 1137 et
456 1082 574 1136 relictus
591 1082 681 1137 locos
697 1084 728 1137 in
747 1083 872 1153 uliquis
888 1085 1007 1152 signare
1025 1099 1065 1138 ex
1079 1099 1149 1138 mea
1167 1085 1232 1138 tar.

171 1181 288 1249 ragina.
320 1177 389 1246 Ego
411 1191 483 1230 saus
497 1185 661 1246 suumque
680 1191 743 1231 uon
757 1187 887 1246 potero,
904 1188 939 1232 ut
958 1179 1228 1250 occupatissimus,

173 1283 225 1328 eut
243 1271 417 1343 Philippum
437 1268 468 1322 iu
491 1267 521 1322 id
544 1269 657 1337 negotii
684 1268 849 1338 involvam,
870 1286 934 1340 quo
954 1280 986 1325 et
1005 1272 1076 1343 ipse
1087 1271 1229 1345 Principi

172 1380 229 1422 suu
244 1364 341 1420 studia
356 1361 465 1417 saltem
484 1360 607 1416 indicet.

239 1456 365 1513 Ductor
386 1453 588 1511 lireitenbach
608 1466 639 1509 et
659 1455 701 1510 D.
722 1455 883 1512 Heinricus
900 1455 1062 1533 Schleinita
1080 1474 1131 1513 me
1150 1476 1229 1516 con.

170 1550 255 1608 virio
274 1565 332 1606 sao
349 1547 597 1614 honoraverunt,
614 1549 739 1603 multam
752 1566 838 1605 surm
854 1566 925 1620 erga
941 1566 990 1605 me
1005 1552 1228 1610 humanitatem

172 1644 385 1702 ostendentes:
405 1659 468 1698 non
486 1658 631 1697 noveram
648 1652 735 1698 sntea
748 1644 900 1700 homiues.
923 1643 1008 1699 Nihil
1028 1647 1146 1717 egimus
1168 1650 1228 1705 nisi

171 1739 209 1795 de
232 1737 430 1810 Lipsensibus
453 1736 644 1806 'l'heologisz
670 1737 780 1808 quibus
796 1738 846 1794 ille
865 1754 928 1794 non
944 1739 1072 1794 multum
1089 1739 1227 1797 tribuere

63 1869 71 1881 ·
169 1833 340 1915 ridebatur.
362 1832 461 1888 Unum
474 1831 565 1888 didici
579 1832 795 1904 apophtegma:
813 1833 839 1888 si
857 1834 924 1906 quis
941 1833 1084 1904 (inquit)
1102 1835 1229 1890 theolo-

170 1944 242 1998 gum
262 1929 328 2001 ejus
342 1929 463 1998 generis
477 1927 578 1996 videt,
595 1936 712 1998 septem
727 1936 852 1998 peccata
867 1928 1006 1982 mortalia
1026 1928 1123 1983 uidet:
1141 1929 1229 1984 scili.

170 2033 221 2080 cet
241 2024 272 2079 in
294 2023 374 2077 bmc
393 2021 520 2091 gloriam
538 2021 673 2075 ventrosi
695 2019 839 2090 sophista
858 2022 935 2092 apud
955 2022 1077 2090 vulgum
1096 2023 1229 2079 deduxi.

169 2132 239 2172 mus
252 2114 474 2186 professionem
484 2121 623 2166 nostram
632 2111 848 2180 theologicam.
882 2112 923 2168 Et
937 2129 1009 2168 sene
1024 2114 1097 2168 mihi
1115 2132 1228 2171 vernrn

169 2217 294 2279 apparet
319 2205 381 2261 hoc
407 2204 545 2259 verbum
586 2204 704 2259 Praeter
721 2204 802 2258 enim
825 2212 984 2263 ventrem,
1013 2209 1228 2277 marsupium,

167 2313 331 2371 pompam,
362 2295 435 2366 quid
462 2294 557 2362 lnlget
582 2296 613 2349 in
636 2293 727 2349 nobis
753 2294 923 2364 ejusmodi?
952 2294 1033 2350 Nam
1059 2298 1227 2368 invidiam,

167 2391 245 2446 iram
267 2400 299 2445 et
324 2388 477 2444 libidinem
500 2402 571 2441 cum
596 2386 766 2442 acidissima
794 2388 889 2443 acidia
919 2389 989 2459 quid
1019 2390 1123 2443 attinet
1146 2408 1227 2446 cen.

167 2486 262 2541 sere?
292 2483 378 2537 Deus
396 2481 575 2535 misereatur
592 2482 700 2536 nostri.

235 2579 345 2635 Emser
359 2578 493 2631 furorem
507 2589 597 2629 suum
611 2575 732 2644 effudit,
751 2578 804 2632 sed
820 2578 877 2646 ita,
896 2587 929 2631 nt
945 2579 1101 2648 epistolam
1120 2594 1223 2635 meam

168 2674 339 2729 confirmet.
374 2670 478 2725 Doleo
497 2679 559 2724 tam
576 2684 712 2731 crassos,
736 2670 883 2738 hebetes,
903 2679 932 2725 et
952 2671 1082 2726 insulsos
1098 2672 1222 2727 thraso.

166 2784 221 2822 nes
250 2784 283 2823 se
311 2768 339 2820 in
364 2765 393 2821 id
415 2765 527 2832 negotii
552 2762 690 2818 miscere.
732 2764 800 2821 Nisi
820 2780 869 2818 me
890 2766 968 2819 ratio
989 2765 1118 2819 nominis
1139 2769 1220 2834 mei,

166 2861 229 2915 imo
251 2862 364 2915 Christi
384 2860 475 2914 timor
498 2857 676 2924 cohiberet,
693 2859 827 2913 nondum
846 2857 957 2924 hnbni,
980 2859 1031 2928 qui
1050 2858 1122 2911 mihi
1143 2861 1220 2914 scri·

165 2952 257 3009 bendi
283 2954 401 3008 felicius
427 2951 599 3021 praetiterit
619 2963 842 3019 argumentum:
868 2967 957 3022 quam
975 2952 1100 3019 indignis
1118 2953 1218 3008 modis

166 3047 198 3102 in
223 3046 302 3101 banc
330 3046 439 3116 talpam
466 3047 545 3098 lorre
571 3055 603 3099 et
624 3044 785 3115 Lipsenses
806 3044 951 3098 luderem.
986 3043 1100 3098 Verum
1119 3046 1217 3101 silebo

166 3147 198 3193 et
208 3139 339 3193 Eccium
353 3137 543 3209 expectabo,
560 3138 590 3191 in
609 3154 671 3208 quo
690 3138 778 3192 simul
796 3149 825 3192 et
845 3138 917 3192 huic
932 3140 1067 3193 mendaci
1082 3149 1112 3193 et
1126 3141 1219 3194 male.

165 3232 234 3287 dico
255 3233 303 3295 (si
322 3242 422 3285 temen
440 3247 489 3285 res
508 3231 610 3296 leret)
629 3232 830 3302 respondebo.

230 3323 326 3378 Mitto
351 3340 473 3395 qnoque
497 3324 598 3379 literas
622 3324 687 3379 heri
718 3341 758 3378 ex
782 3323 917 3396 partibus
939 3324 1146 3395 superioribus
1169 3343 1220 3380 ac.

163 3424 285 3486 septas,
310 3418 340 3470 in
369 3416 478 3487 quibus
506 3417 641 3485 videbis,
665 3418 736 3488 quid
756 3435 860 3472 rerum
884 3418 945 3473 illic
968 3430 1091 3487 agatur:
1123 3420 1218 3476 lectus

165 3510 296 3566 remitte.
339 3509 412 3563 Vrle
435 3520 464 3563 et
488 3510 736 3581 supplicationem
760 3529 857 3566 meam
881 3529 938 3583 pro
956 3512 1119 3587 Philippo,
1143 3514 1217 3568 licet

163 3604 275 3671 invito,
294 3614 417 3668 curato,
436 3604 515 3658 sicut
532 3605 709 3675 promisisti.
735 3605 841 3675 vigilia
854 3604 1116 3674 Praesentationis‚
1134 3623 1216 3663 anno
