2574 4732
524 274 627 398 ists.
710 379 713 384 .
1043 317 1106 398 its
1180 366 1185 372 -

59 498 210 562 sparserat
235 489 322 543 fama·
364 487 446 554 Sed,
474 493 508 540 ut
531 487 643 548 video,
672 481 828 555 Principes
858 491 981 554 oportet
1006 488 1105 558 primo

60 584 179 652 facere,
206 590 236 638 et
254 593 318 636 tum
337 580 440 635 ridere
458 595 550 650 opere
568 594 645 645 suc,
677 577 746 647 quis
763 584 832 630 sunt
850 579 952 648 stipsi
970 571 1106 636 Elohim.

58 676 138 735 Nam
157 693 222 748 quae
240 676 382 730 dicuntur
399 682 429 727 et
447 673 603 737 videntur,
633 680 793 740 antequam
817 669 914 736 fiunt,
939 671 983 726 sic
1007 675 1127 737 solent'

59 771 209 826 frustrari.
244 769 319 824 Erat
336 777 451 829 autem,
477 766 558 838 quod
577 765 773 836 loqueremur
791 763 828 816 de
846 763 965 830 inultis,
982 782 1108 834 preses.

59 841 114 918 tim
134 865 171 919 de
188 863 302 918 ratione
320 861 410 917 studii
428 859 537 916 nostri.
578 857 680 913 Audio
704 856 783 910 enirn
808 855 982 933 Aristotelis
1002 858 1107 916 lectio.

59 973 129 1012 ncnr
148 973 209 1012 non
227 955 347 1011 felicem
366 964 540 1026 essentque
558 950 734 1007 fidebamus.

140 1048 251 1103 Attulit
276 1047 400 1103 Ductor
423 1044 580 1103 Johnnnes
603 1045 718 1100 Hessos
748 1058 787 1098 ex
815 1042 899 1098 ltalia
923 1042 1108 1113 theologiam

59 1141 234 1197 Aristotelis
253 1142 425 1212 mysticam,
445 1141 540 1209 nup‘er
558 1140 589 1194 in
607 1140 688 1208 Syris
707 1138 755 1204 (ut
773 1136 926 1203 scribunt)
945 1147 1108 1209 repertam,

59 1236 123 1292 hoe
140 1246 202 1293 est.
227 1251 282 1307 per
300 1235 514 1304 sycophantam
532 1234 661 1304 aliquem
684 1233 880 1298 somniatum,
904 1244 937 1291 ut
962 1249 1017 1305 ego
1042 1251 1111 1295 sen.

60 1328 123 1394 tio,
142 1345 202 1399 quo
221 1328 308 1384 nobis
325 1329 407 1382 hunc
424 1325 545 1391 hostem
564 1326 677 1381 Christi
696 1326 889 1382 illustriorem
908 1328 1023 1384 fectum
1042 1318 1110 1405 sp‘s.

59 1420 146 1477 cioso
165 1423 253 1477 titulo
271 1423 416 1480 adversus
435 1420 591 1475 Christum
609 1419 721 1475 diutius
739 1420 827 1476 alant.
861 1422 972 1477 Attulit
990 1431 1020 1477 et
1039 1438 1111 1477 eru.
1145 1463 1147 1469 ,

61 1515 194 1571 (litorum
212 1517 323 1571 literas.

128 1609 370 1666 Tesseradceada
388 1621 487 1662 meam
504 1605 639 1663 nendum
656 1605 722 1662 scio
743 1621 780 1661 an
804 1606 910 1676 edam,
940 1609 1109 1678 praesertim
1189 1671 1193 1684 ¹

59 1703 182 1772 Latine,
200 1719 269 1758 eum
288 1703 317 1756 id
336 1717 429 1769 genus
446 1700 634 1772 scriptionis,
661 1699 742 1770 quod
762 1697 917 1755 Christum
940 1701 1029 1772 sapit,
1059 1719 1110 1757 so.

59 1796 168 1869 phistis
187 1798 226 1852 sit
244 1794 482 1850 odiosissimum.

128 1890 266 1945 Maxime
285 1904 360 1958 verp
378 1887 460 1957 quod
478 1885 623 1954 agendum
641 1893 722 1954 erat,
740 1902 780 1942 ex
797 1886 846 1943 his
863 1886 1003 1943 Matthaei
1021 1889 1111 1943 Adri.
1168 1937 1178 1955 ,

61 1983 107 2038 ani
136 1983 231 2037 literis
255 1980 419 2049 intelliges,
444 1995 534 2050 quem
564 1979 647 2035 vides
673 1980 770 2036 adhuc
803 1989 977 2053 expectare.
1023 1981 1108 2038 Eccii

59 2076 187 2145 glorias,
212 2075 267 2130 etsi
294 2090 375 2146 paene
400 2073 540 2144 suspicor
566 2073 669 2143 quales
697 2075 776 2143 sint,
801 2083 899 2129 tamen
918 2092 977 2129 non
997 2077 1108 2131 invitus
1139 2113 1142 2117 ·

60 2169 182 2226 videbo.
216 2167 290 2223 Vale
309 2169 339 2222 in
358 2166 494 2223 Christo.
529 2167 634 2223 Altera
650 2167 770 2226 Nicolai
789 2167 945 2225 Moxrx.

34 2255 38 2264 ’
754 2261 788 2318 F.
806 2262 959 2320 Martinus
976 2263 1107 2321 Luther.

125 2395 190 2453 Hae
207 2396 284 2452 hora
303 2412 343 2452 ex
360 2412 472 2453 socero
490 2396 580 2453 Lucae
600 2396 732 2468 pictoris
757 2398 874 2465 audivi,
902 2400 1070 2454 excessisse
1090 2415 1107 2452 e

59 2490 137 2571 vivis
154 2490 196 2543 D.
209 2489 382 2557 Doctorem
399 2491 555 2545 Jodooum
574 2491 782 2545 [senecensem
800 2491 957 2546 Erlordiae.
995 2492 1106 2545 Timeo

61 2592 93 2636 et
109 2598 158 2637 me
179 2597 299 2637 causam
317 2583 490 2638 acceleratae
509 2600 569 2638 suae
586 2587 695 2640 mortis
714 2585 823 2638 luisse:
850 2586 964 2637 tantum
989 2586 1108 2652 aegritu.
1158 2608 1159 2612 ,

61 2675 138 2729 dinis
158 2674 213 2727 fuit
232 2675 330 2729 animo
349 2676 413 2743 ejus
432 2689 472 2728 ex
488 2675 581 2741 meis,
605 2683 640 2729 ut
664 2675 796 2742 dicitur,
828 2674 1057 2745 profanitatibus
1076 2684 1113 2730 et

61 2766 300 2833 temeritatibus,
325 2765 433 2838 quibus
458 2766 670 2821 scholasticum
694 2767 877 2834 theologiam
897 2766 991 2820 doluit
1009 2769 1108 2821 incre.

61 2862 193 2918 dibiliter
210 2860 374 2915 contemni.
407 2858 560 2913 Dominus
577 2860 755 2914 misereatur
772 2846 880 2914 animae*
892 2859 945 2914 illi.
962 2863 1072 2917 Amen.

456 3119 482 3169 8.
510 3112 711 3175 verenter.

435 3278 734 3353 neonxxvru.
774 3247 776 3252 “

411 3440 460 3512 tlt
492 3441 528 3513 6
542 3457 560 3523 p
576 3458 594 3510 o
609 3444 622 3511 1
636 3457 655 3511 e
670 3452 682 3512 t
696 3443 707 3512 l
722 3455 754 3510 n.

116 3601 187 3649 uetes
202 3596 265 3649 w
278 3608 304 3651 tu
319 3600 461 3646 eruertrntr
478 3599 650 3654 (secuturum
665 3606 712 3647 ann
726 3600 765 3647 trs
778 3598 901 3657 titlestrop
914 3579 953 3647 ter
964 3600 1064 3655 utemur
1078 3608 1105 3650 ru

63 3687 255 3741 &omitteretur
273 3691 320 3733 tro
335 3687 374 3732 ter
389 3688 568 3741 unurtrernttlt
584 3689 647 3739 lente
663 3689 762 3737 tuturos
776 3687 802 3739 (l.
814 3688 856 3733 ten
871 3687 974 3738 tirttft.
989 3687 1021 3732 19.
1034 3688 1105 3738 stou.)

63 3773 110 3822 uni
125 3774 188 3830 tirel
203 3771 396 3826 uernintntilti
413 3783 444 3821 cn
460 3775 495 3822 tte
511 3775 673 3830 ministrent
693 3774 748 3824 iiber
766 3777 831 3823 torn
848 3773 962 3832 pretist
979 3783 1003 3821 er
1022 3773 1092 3828 tinet.

63 3958 114 4038 ειη
133 3929 351 4011 enitimur
376 3960 424 4007 rso.
444 3962 467 4005 s.
498 3960 617 4012 estare
636 3932 681 4009 nr.
700 3961 747 4009 us.
773 3960 832 4016 eet
849 3958 983 4010 cor.,ren.
1000 3970 1021 4002 ι.
1037 3955 1055 4003 r.
1072 3954 1109 4004 σε.

374 4047 472 4098 sentin
488 4047 527 4100 itt
545 4047 643 4125 {satu
660 4049 729 4097 xxi.
745 4045 795 4097 656.
