2574 4732
602 457 652 515 tt.
681 454 828 527 8utiut·
914 516 917 521 .

503 674 505 678 ι
592 621 651 691 ΝΟ.
674 622 838 696 CCXLU.

541 758 593 856 tiu
632 785 896 866 &raiatia

241 950 267 998 s.
282 946 325 1002 tat
341 952 411 1001 aratu
428 943 470 989 teu
486 940 595 995 uultum
606 941 742 996 reorttltte
760 943 808 989 unt
824 941 903 989 return
918 944 989 996 auten
1006 942 1253 1001 ultimogenitus.

185 1014 296 1088 ce‘neat
317 1018 435 1086 intrusa
453 1029 492 1077 nr
510 1029 560 1082 rest
580 1028 705 1080 retentus
724 1030 772 1077 aas
790 1029 915 1085 rossano
936 1039 975 1078 an.
998 1031 1070 1080 uua
1091 1034 1251 1090 notamen

186 1123 233 1170 ttttt
249 1123 323 1170 bitus.

184 1306 237 1361 aas
257 1300 437 1351 tertiasse
457 1298 478 1349 1.
496 1299 545 1350 au.
564 1301 588 1347 u.
608 1298 668 1355 an.
685 1299 745 1348 coa.
765 1298 820 1354 sen.
837 1300 891 1348 at.
909 1300 945 1348 aa.
971 1301 1069 1355 aratra
1085 1302 1126 1357 sn
1144 1282 1250 1358 seara

644 1387 714 1437 xxr.
736 1386 787 1437 tos.

184 1544 319 1604 Erudito
336 1550 366 1598 et
380 1540 434 1611 pio
455 1540 551 1603 Varo,
569 1540 733 1616 Mcqistro
754 1524 889 1616 Georqr'o
904 1539 1084 1612 spalatino,
1102 1559 1123 1598 a
1142 1547 1249 1604 saeris

267 1632 492 1710 nrinupaldus
510 1632 673 1705 Snoeonioe,
690 1650 746 1692 suo
764 1635 798 1691 in
818 1635 939 1694 &visto
956 1636 1152 1694 charissimo.

628 1784 800 1842 desua.

186 1917 340 2013 Salutem.
381 1952 539 2009 visionem
565 1950 646 2008 illam
672 1946 883 2022 Litanamt),
908 1952 949 2007 mi
975 1949 1141 2023 Spalatine,
1167 1953 1246 2012 nihil

183 2052 262 2109 aliud
284 2049 467 2107 arbitramur
489 2062 574 2113 esse,
600 2060 690 2113 quarn
719 2044 798 2099 hanc
825 2044 919 2115 ipsam
947 2047 1136 2103 seditionem.
1174 2048 1247 2105 Ma.

182 2160 259 2214 gnus
278 2144 326 2197 vir
343 2155 481 2196 crassum
505 2139 623 2195 scilicet
644 2137 751 2204 vulgus
777 2135 924 2206 significat
951 2130 1015 2194 fere
1039 2140 1070 2194 in
1099 2142 1244 2200 omnibus

180 2233 352 2306 prophetiis
381 2241 412 2286 et
439 2230 618 2287 visionibus.
660 2229 759 2284 Habui
779 2230 846 2285 beri
870 2232 1039 2287 orationem
1060 2251 1077 2287 e
1096 2251 1246 2306 suggestu

181 2325 327 2381 adversus
354 2323 535 2378 seditionem
563 2324 600 2376 ita
627 2330 842 2391 temperatam,
870 2334 904 2378 ut
922 2324 993 2379 nulli
1016 2327 1091 2394 parti
1112 2330 1246 2388 affectus

181 2433 300 2486 essem,
328 2415 465 2471 absolute
483 2414 595 2467 malum
615 2413 772 2469 seditionis
792 2416 1018 2485 describerem,
1045 2419 1108 2472 sive
1132 2437 1168 2473 ea
1189 2441 1247 2494 per

180 2515 280 2579 cives,
308 2511 371 2566 sive
391 2509 547 2564 studentes
567 2507 792 2574 concitaretur,
819 2511 1034 2566 commendans
1057 2522 1245 2583 potestatem

181 2607 410 2676 magistratuum
445 2604 475 2657 in
507 2603 570 2657 hoc
601 2617 617 2655 a
647 2599 716 2654 Deo
748 2601 938 2671 institutam,
970 2621 1008 2657 ne
1039 2607 1241 2666 seditionibus

82 2770 86 2781 .
181 2701 283 2757 omnia
308 2704 507 2754 vastarentur.
558 2695 643 2749 Deus
672 2693 777 2761 bone,
814 2706 954 2767 quantam
990 2699 1063 2754 mihi
1096 2700 1242 2759 invidiam

181 2794 355 2851 concitavi:
387 2791 516 2846 clamant
542 2805 590 2843 me
615 2800 715 2859 partes
735 2797 856 2845 senatus
884 2792 1006 2859 egisse,
1035 2804 1064 2847 et
1088 2796 1242 2863 prodeunt

181 2889 303 2944 tandem
318 2885 519 2955 cogitationes
535 2883 687 2947 cordium,
703 2883 812 2954 quibus
828 2884 951 2954 intelligi
969 2888 1076 2956 possit,
1094 2889 1144 2958 qui
1164 2905 1240 2943 vere

182 2992 213 3037 et
244 2982 294 3052 qui
320 2979 390 3033 ficte
414 2988 549 3033 nostram
575 2964 760 3044 thssologiam
786 2978 949 3033 audierunt.
999 2980 1130 3050 Oportet
1157 2984 1240 3038 enim

180 3075 244 3131 hoc
265 3073 369 3128 cribro
390 3073 488 3142 paleas
509 3080 539 3125 et
558 3071 694 3124 triticum
717 3071 856 3126 discerni.
892 3071 958 3141 Ego
978 3073 1055 3128 belle
1080 3077 1170 3131 video
1187 3077 1240 3132 Sa.

179 3177 298 3235 tanam,
325 3169 375 3238 qui
403 3144 602 3221 cum⁵Romae
627 3175 657 3218 et
688 3165 763 3232 opud
787 3179 911 3221 exteros
935 3168 1008 3222 nihil
1038 3168 1136 3223 videat
1169 3186 1238 3226 sese

157 3268 161 3279 '
180 3278 385 3333 promovere,
404 3262 466 3314 hoc
483 3259 593 3312 malurn
615 3258 747 3321 invenit,
766 3268 798 3311 ut
818 3261 898 3313 intus
918 3273 948 3314 et
967 3262 1095 3331 pessime
1112 3275 1238 3322 noceat.

248 3354 310 3408 Res
330 3355 386 3406 t'uit
405 3354 552 3424 principio
572 3368 679 3423 parva,
698 3352 749 3406 sed
770 3369 861 3415 ecce,
882 3370 993 3423 quanto
1014 3359 1106 3424 magis
1123 3368 1237 3413 tracta.

179 3456 238 3504 tur.
257 3455 341 3501 tanto
358 3450 456 3500 acrius
475 3447 601 3515 corripit
618 3457 649 3499 et
669 3445 749 3499 acuit
766 3448 870 3513 corda,
887 3450 967 3517 quod
991 3452 1112 3519 proprie
1128 3452 1237 3508 diabo.

178 3541 228 3598 lici
257 3540 364 3607 ingenii
393 3555 450 3605 est,
476 3552 508 3591 ut
536 3541 613 3594 unde
644 3549 728 3610 putes
757 3539 887 3600 mederi,
914 3542 981 3595 inde
1009 3544 1151 3598 morbum
1184 3548 1239 3601 illo

180 3648 296 3707 attgeat.
333 3632 406 3688 Non
426 3649 482 3700 ego
506 3648 575 3686 eum
597 3635 704 3699 timeo,
724 3634 776 3687 sed
798 3643 919 3700 metuo,
940 3653 977 3689 ne
994 3637 1160 3693 Dominum
1180 3640 1238 3695 ali.

179 3749 238 3804 qua
257 3727 466 3799 ingratitudine
485 3726 531 3778 vel
550 3743 623 3780 vana
645 3726 738 3797 gloria
762 3727 998 3797 offenderimus,
1026 3734 1077 3802 qui
1095 3734 1237 3792 rnieusus

111 3898 115 3903 ι
178 3827 329 3901 permittat
347 3824 482 3878 Satanam
501 3822 546 3876 sic
560 3821 692 3890 irrepere
709 3821 738 3874 in
759 3823 892 3879 nenium
908 3824 1039 3882 liliorum
1055 3825 1127 3882 Dei.
1162 3826 1261 3895 Nec,

176 3947 699 3975 ..........--------

171 4072 175 4081 ,
229 4031 256 4083 ·)
285 4027 379 4076 ructon
396 4023 445 4074 &u
458 4020 599 4075 stiutttttn
616 4030 641 4075 ru
659 4021 731 4074 tutan
749 4021 840 4075 idttnt.
