2574 4732
172 333 233 397 ωε
658 316 747 384 1520.

171 484 308 545 &aaa
325 477 445 536 nsaw
464 476 563 546 Viro,
590 474 636 530 D.
653 473 816 548 Maquaa
835 471 971 548 omn
995 460 1196 543 mammo,
1224 494 1246 535 a

209 566 891 642 smumaprnupastmamnsae,
919 567 1210 636 mmmmm

176 731 331 824 Salutem.
364 763 446 819 Dedi
466 762 570 817 literas
588 759 625 815 ad
642 767 674 815 te
691 757 723 813 in
742 755 914 815 Grimmam
933 757 1016 814 eunti
1032 759 1172 819 nuntio.
1199 761 1242 815 mi

178 861 344 931 spalatina:
363 872 444 911 nuno
460 855 598 910 veniente
616 849 962 921 V.·)Pana.1aeos0,
982 851 1056 906 alias
1074 854 1136 923 do,
1157 854 1244 910 terte

180 964 323 1009 venturas
350 950 438 1005 citius
464 962 555 1019 quem
578 947 652 1002 inas.
686 945 843 1001 Artienios
872 945 1007 1013 singulos
1030 946 1204 1004 damnans
1224 965 1242 1002 a

180 1046 267 1104 Bulla
292 1059 369 1100 mox
392 1041 566 1112 aggrediens
589 1039 722 1109 suscipio
742 1039 948 1094 defendendos
968 1039 1134 1109 singulos,
1162 1042 1244 1108 sient

180 1137 353 1211 scripsisti,
377 1145 409 1192 et
432 1152 449 1189 a
474 1149 525 1188 ma
549 1133 610 1204 peti
636 1131 781 1201 intelligo.
816 1132 986 1193 catarum.
1001 1133 1062 1188 nisi
1083 1144 1122 1190 tn
1143 1136 1242 1190 mnks

179 1234 324 1289 libertate
334 1226 678 1283 vemeniorsdditnrns
694 1240 746 1294 es,
763 1235 854 1297 ntqna
870 1225 1005 1296 majore,
1023 1242 1123 1303 qnam
1135 1227 1245 1284 hasa.

179 1342 241 1382 nnn
259 1321 429 1378 reddidisti:
447 1318 522 1374 mihi
541 1318 729 1388 provinciam
745 1319 834 1375 istam
848 1319 993 1391 relinque.
1011 1317 1144 1388 rigam
1162 1323 1244 1377 enim

185 1428 217 1475 et
234 1415 362 1487 argutias
379 1415 596 1470 sententiarum
615 1422 647 1469 et
667 1412 902 1484 disputationum
919 1413 1000 1469 nuit·
1019 1431 1158 1484 prorsus
1175 1418 1245 1474 red.

184 1513 230 1568 dit
250 1509 476 1580 interpreteris,
494 1508 550 1563 nisi
569 1509 609 1563 sit
628 1506 742 1563 liberas
759 1516 942 1576 attactam,
959 1508 1106 1579 spiritum
1123 1511 1244 1568 sutoris

187 1619 275 1676 quum
294 1603 410 1657 referre
424 1601 464 1658 sit
479 1601 675 1657 laboriosum.
693 1598 765 1655 Non
781 1600 862 1672 qnod
881 1598 1015 1656 dubitem
1034 1610 1067 1655 te
1086 1603 1118 1658 id
1139 1620 1248 1675 posse,

187 1713 258 1753 oum
280 1696 322 1751 sis
346 1695 424 1750 mire
445 1694 540 1750 facilis
556 1695 586 1749 in
606 1694 780 1762 reddendo,
803 1695 855 1750 sed
876 1694 957 1765 qnod
978 1694 1070 1766 paulo
1093 1698 1247 1767 captivio.

187 1806 253 1845 rem
270 1798 317 1854 ts,
342 1801 373 1844 et
395 1789 505 1844 nuliam
525 1789 672 1857 integram
689 1789 865 1845 senteutiam
884 1796 1001 1843 mutare
1022 1799 1055 1843 te
1078 1790 1247 1847 audentem

189 1881 296 1949 video,
314 1883 344 1938 id
362 1883 444 1955 quod
462 1882 666 1938 necessarium
685 1891 740 1942 est.
760 1884 763 1889 '

257 1975 364 2033 Visum
384 1985 432 2032 est
455 1986 553 2031 autem
577 1977 607 2033 id
626 1975 717 2032 libelii
736 1975 794 2032 snb
814 1975 935 2031 nornine
951 1972 1075 2030 Fabiani
1097 1974 1247 2033 Feiiitsoh

190 2071 299 2139 edere,
324 2070 381 2125 viri
404 2069 493 2126 nobis
512 2071 588 2124 mire
610 2071 821 2125 commendati.
857 2068 959 2143 Quare
977 2078 1010 2122 tu
1031 2070 1102 2139 fac,
1120 2071 1246 2127 titnlnm

71 2156 78 2174 “
191 2165 320 2220 aulicum
336 2164 401 2233 ejus
416 2163 492 2219 mihi
508 2164 686 2231 quantocius
703 2164 815 2218 indioes
831 2172 861 2216 et
877 2161 981 2216 Latine
995 2171 1027 2215 ee
1042 2161 1246 2220 Germanias.

190 2257 232 2311 Et
254 2256 435 2311 Germanica
451 2265 486 2313 tu
502 2258 613 2312 uteris:
632 2273 688 2325 ego
709 2266 855 2327 utrunque
871 2270 961 2311 nosse
980 2254 1071 2323 volo,
1091 2274 1151 2328 pro
1166 2258 1248 2329 judi.

183 2327 241 2404 ¹sio
260 2349 297 2403 ad
314 2347 451 2402 Latinam
470 2349 674 2404 formandam:
699 2350 739 2403 ita
766 2366 822 2416 ego
842 2348 972 2419 praeibo,
999 2358 1033 2402 tu
1050 2358 1181 2404 strenue
1200 2368 1248 2407 se.

192 2444 304 2517 queris.
350 2441 495 2498 Parentes
524 2444 583 2496 mei
616 2458 684 2496 cum
716 2441 873 2497 sororibus
902 2443 1020 2513 nuptias
1050 2443 1247 2498 honorarunt

191 2537 334 2610 Philippi,
347 2537 409 2591 aliis
420 2536 640 2591 honestissimis
655 2538 726 2591 viris
739 2536 886 2606 adjunctis
899 2537 959 2589 imo
974 2545 1004 2589 et
1019 2538 1245 2594 eruditissimis.

261 2632 351 2700 Rogo
368 2630 492 2698 iterum,
509 2640 543 2684 ut
557 2631 729 2702 exemplum
742 2631 946 2700 responsionis
961 2628 1113 2700 Principis
1128 2629 1245 2685 habere

193 2741 375 2783 mereamur.
410 2723 456 2779 lili
481 2725 560 2779 enim
583 2741 619 2777 ue
645 2725 784 2778 seeundo.
798 2724 917 2792 quidem
941 2723 1101 2791 legendum
1121 2725 1243 2779 madere

195 2821 300 2876 voinnt
313 2817 377 2883 **).
423 2816 537 2872 Caetera
560 2818 588 2872 in
608 2818 702 2872 literis
721 2816 872 2887 prioribus
884 2811 953 2884 m)
984 2832 1055 2870 oum
1078 2815 1188 2872 iibeiio
1209 2819 1243 2873 de

192 2913 333 2967 libertate
352 2910 522 2966 Christiana
542 2912 680 2980 accipies.
714 2910 808 2976 Vale,
827 2921 857 2964 et
874 2926 929 2964 ora
945 2924 1001 2980 pro
1021 2923 1082 2963 me.
1101 2909 1245 2966 Wittem-

193 3006 313 3074 berga,
329 3006 429 3074 vigilia
447 3007 592 3072 Andreae,
612 3022 689 3061 anno
706 3003 844 3059 MDXX.

746 3096 899 3153 Martinus
917 3096 1093 3164 Lutherus,
1114 3099 1243 3169 August.

249 3352 279 3401 ’i
307 3348 388 3398 sitast.
406 3350 480 3395 ven.
499 3349 599 3399 {Batti
618 3348 739 3405 itersest:
761 3356 843 3394 ruet.

248 3431 291 3480 ’·)
319 3422 418 3476 wetti
439 3428 524 3480 ittitit
545 3428 615 3480 stessi
633 3429 677 3480 sni
693 3431 734 3476 stu
752 3427 844 3487 onusti
862 3429 908 3475 mit
927 3429 968 3475 itu
984 3427 1121 3481 mussitem
1141 3426 1168 3473 itt
1190 3428 1251 3496 wit·

197 3505 302 3556 ttniet.
928 3528 931 3533 »

249 3515 305 3639 ⁸¹”gi
333 3584 416 3640 visset
434 3586 506 3640 sistet
520 3588 547 3640 ttt
565 3587 672 3635 amitten
687 3593 813 3640 aetantes.
