2574 4732
132 406 137 413 ι
174 245 234 388 1ω
660 300 750 368 1520.

159 466 162 471 ’
241 465 330 523 Bono
353 469 420 529 esto
439 461 558 526 animo,
581 473 639 515 nec
655 459 686 516 ia
701 476 752 528 ea,
770 473 836 531 qua
851 465 970 531 patent,
987 458 1118 515 intende.
1136 457 1232 520 sites

176 569 224 619 est
241 566 449 628 argumentum
471 571 531 610 non
553 554 758 626 apparentium
776 569 895 615 rerum:
926 560 983 608 c'ur
1010 569 1082 622 ergo
1114 560 1147 608 tu
1179 571 1231 611 se.

174 655 305 720 candum
327 657 503 723 apparentes
517 650 659 720 judicant
688 647 777 704 Aliud
802 647 915 718 agitur,
940 647 982 702 mi
1000 647 1165 719 spalatino,
1196 658 1230 704 et

174 748 253 811 atiud
284 728 402 805 videtur
429 743 460 799 iu
489 743 547 801 isto
580 742 712 810 negotio.
746 740 813 810 ago
833 741 907 797 nihil
927 756 1051 811 quator
1077 749 1142 804 est,
1173 743 1230 815 qui

133 874 136 879 ·
174 847 297 912 quaerat.
334 838 398 893 Stet
416 853 508 906 ergo,
526 836 590 893 siva
611 837 714 892 cadat:
733 851 789 904 ego
806 834 880 891 nihil
898 834 1020 903 lucror,
1038 846 1088 891 aut
1106 837 1230 892 amitto.

173 933 276 996 nabes
293 946 391 987 meam
410 930 599 986 sententiam.
1116 974 1121 978 .

243 1025 300 1082 Sed
318 1039 376 1081 nac
393 1023 506 1080 nostris
524 1023 597 1078 adeo
617 1021 792 1095 displicent,
810 1040 876 1095 qua
892 1023 1018 1097 scripsi,
1038 1031 1128 1094 atqua
1146 1023 1227 1082 tibi:

171 1135 231 1182 asc
251 1118 403 1183 Dominus
420 1115 603 1186 Praepositus
616 1117 685 1189 ³ipsa
703 1116 799 1184 aliud,
815 1133 908 1188 quant
925 1116 1038 1182 rabulis
1056 1118 1122 1173 istis
1140 1133 1226 1177 ama

172 1220 259 1275 recte
278 1212 408 1278 tastum,
426 1209 520 1264 ducit.
554 1208 700 1263 stomata
718 1210 892 1281 excipienda
908 1219 994 1279 sunt,
1012 1227 1077 1283 quse
1091 1209 1226 1281 Episco.

145 1296 155 1321 ‘
172 1321 282 1380 porum
300 1303 421 1359 nomine
438 1301 604 1374 prodeunt:
625 1302 773 1371 obsecro,
792 1313 901 1374 quanta
916 1304 1054 1373 regnabit
1067 1307 1225 1374 tyrannia?

171 1399 242 1462 Nec
268 1407 315 1454 est
339 1396 414 1459 mihi
439 1394 581 1464 dubium,
606 1395 792 1469 Episcopum
815 1396 1005 1453 Misnensem
1023 1398 1114 1467 hujus
1132 1398 1226 1455 sche.

174 1493 249 1555 duta
264 1501 326 1552 tam
342 1506 403 1548 noa
419 1504 486 1546 esse
504 1499 658 1559 autorem,
676 1505 766 1562 quam
782 1489 908 1547 firmiter
924 1507 1014 1562 spero
1031 1508 1092 1546 non
1112 1508 1225 1562 agnos.

174 1586 317 1647 siturum.
360 1568 452 1655 Quod
469 1583 495 1639 si
516 1600 607 1655 quam
625 1586 757 1641 maxime
783 1584 894 1652 iaciat,
924 1601 1074 1656 praesumo
1098 1586 1147 1643 his
1171 1589 1224 1644 td.

172 1680 325 1743 monitum
344 1677 519 1751 prudentius
538 1679 705 1734 et.doctius
723 1679 864 1751 dsInceps
882 1686 1033 1734 acturum.

240 1771 313 1832 Non
340 1780 437 1828 tamea
461 1788 570 1842 negare
596 1790 737 1846 possum,
764 1769 813 1827 me
843 1788 911 1828 esse
939 1773 1221 1844 vehementiorem,

173 1885 264 1942 quam
285 1874 442 1941 oporteat,
461 1868 542 1939 quod
564 1885 634 1922 cunt
656 1868 696 1924 itti
715 1884 776 1922 nou
795 1868 953 1937 ignorent,
972 1883 1076 1923 canem
1098 1869 1221 1939 irritare

65 2012 68 2020 .
110 2000 112 2004 ·
172 1980 234 2020 aon
252 1961 430 2020 debuerunt.
466 1961 567 2035 Quam
585 1962 624 2016 sit
641 1961 758 2017 difficile
778 1962 919 2018 caloriet
937 1965 1015 2032 stylo
1035 1974 1221 2034 temperare,

171 2058 220 2115 ael
242 2072 281 2112 ex
302 2067 332 2111 te
344 2056 410 2124 ipso
434 2054 551 2109 discere
572 2063 669 2125 potes.
692 2055 758 2109 Hoc
775 2056 854 2109 enirn
874 2065 939 2124 est,
967 2073 1022 2110 cur
1046 2058 1074 2113 in
1094 2057 1220 2128 publico

171 2148 286 2206 versari
302 2163 422 2218 semper
439 2147 605 2216 indignatus
624 2162 709 2204 sums
728 2162 850 2217 quoque
867 2149 961 2216 magis
978 2149 1133 2216 indignor,
1154 2168 1221 2209 ma.

170 2240 215 2310 gis
233 2248 339 2293 contra
359 2248 464 2294 votum
483 2237 633 2298 involvor.
670 2239 765 2308 quue
782 2253 843 2292 non
860 2239 917 2294 nisi
939 2241 1136 2296 atrocissimis
1156 2245 1221 2301 cri.

168 2330 323 2398 minibus,
342 2331 370 2383 iu
389 2345 438 2383 me
456 2339 486 2384 et
505 2328 632 2383 verbum
650 2328 709 2383 Dei
727 2329 947 2397 grassantibus:
976 2330 1083 2400 quibus
1103 2332 1151 2393 fit.
1182 2349 1220 2392 ut

170 2426 196 2483 si
221 2440 277 2479 nec
299 2426 425 2490 calore,
451 2438 508 2477 nec
531 2422 608 2490 stylo
631 2437 767 2491 raperer,
793 2431 892 2476 tamen
916 2423 1087 2490 indignitate
1108 2426 1151 2479 rei
1179 2431 1220 2485 ad

171 2535 253 2576 arma
274 2530 362 2589 queat
388 2518 503 2572 moveri
528 2515 576 2572 vel
599 2530 708 2570 saxeus
733 2515 865 2570 anImust
895 2527 1006 2587 quanto
1024 2520 1118 2585 magis
1138 2536 1217 2589 ego,

171 2613 221 2685 qui
248 2623 278 2667 et
302 2612 414 2665 calidus
439 2626 525 2677 surn,
552 2622 580 2664 et
598 2611 706 2679 stylum
725 2609 823 2663 habeo
843 2627 902 2664 uon
921 2612 1038 2681 penitus
1057 2611 1216 2669 obtusum.

169 2706 223 2763 His
242 2705 384 2760 monstris
401 2706 480 2758 ultra
497 2704 651 2759 modestiae
669 2707 814 2760 decorum
834 2705 930 2760 feror.

239 2800 402 2873 Quamque
418 2807 448 2852 et
466 2816 522 2866 ego
539 2799 655 2864 miror,
673 2801 751 2853 unde
769 2800 824 2855 ista
844 2811 912 2854 nata
931 2800 970 2855 sit
990 2800 1094 2868 religio
1116 2817 1216 2870 nova,

168 2900 203 2949 ut
225 2894 367 2963 quicquid
393 2893 423 2948 in
445 2892 648 2963 adversarium
673 2893 802 2960 dicitur,
834 2894 1005 2948 convicium
1030 2894 1214 2964 appelletur:

167 2990 206 3044 de
224 2988 367 3054 Christo,
386 2988 457 3057 quid
472 2987 584 3044 sentis?
604 2988 650 3040 An
664 2990 850 3045 conviciator
865 2991 938 3056 fuit,
958 2990 1076 3058 quando
1088 2988 1214 3044 Judaeos

166 3082 295 3154 appellat
320 3083 543 3151 generationem
575 3083 737 3136 adulteram
761 3091 791 3136 et
812 3098 1007 3153 perversam,
1037 3083 1215 3153 progeniem

166 3176 354 3245 viperarum,
372 3175 565 3245 hypocritas,
583 3175 660 3229 filios
679 3176 808 3232 diaboli?
827 3176 945 3230 Deinde
962 3175 1089 3240 Paulus,
1109 3191 1212 3242 canes,

165 3270 364 3339 vaniloquos,
391 3271 587 3336 seductores,
613 3250 776 3335 Indoctus,
804 3274 854 3340 qui
881 3272 1031 3323 Actorum
1058 3269 1143 3322 xltt.
1166 3270 1214 3323 sic

164 3363 316 3420 invehitur
334 3363 363 3416 in
384 3363 695 3433 pseudoprophetam,
721 3350 762 3417 ut'
775 3363 866 3418 videri
889 3365 983 3433 possit
1003 3365 1140 3431 insanus,
1166 3364 1214 3418 di.

163 3474 251 3517 cens:
281 3455 307 3508 0
322 3456 410 3519 plene
427 3457 511 3510 omni
527 3456 595 3510 dolo
613 3463 640 3510 et
659 3455 906 3523 omnisomnis,
921 3457 979 3525 stlr'
997 3455 1125 3513 ‹Iicbolia
1149 3457 1214 3511 ini.

162 3552 238 3607 misc
259 3548 408 3603 ueritatis.
443 3549 506 3603 Cur
524 3568 583 3612 nou
603 3551 654 3605 hic
671 3551 782 3612 Paulus
808 3551 945 3604 modeste
970 3552 1071 3623 potius
1095 3551 1212 3605 blandi.

119 3682 125 3700 t
160 3655 227 3712 tur,
244 3657 278 3700 ut
296 3653 470 3707 convertat,
498 3659 586 3713 quam
605 3646 648 3698 sic
665 3655 758 3699 tonat.
793 3643 859 3699 Nec
879 3656 979 3715 potest
998 3662 1069 3700 sana
1087 3645 1211 3700 consci-

160 3743 237 3797 entia
256 3738 387 3793 veritatis
406 3751 472 3790 asse
491 3737 604 3806 patiens
623 3740 652 3794 in
671 3738 844 3807 praefractos
870 3750 900 3792 ct
917 3739 1081 3794 indomitos
1098 3737 1211 3794 hostes

160 3837 306 3891 veritatis.
715 3846 718 3850 ⁴

227 3931 283 3983 Sed
299 3929 361 3995 jam
381 3924 452 3978 satis
477 3940 635 3991 nugarum.
674 3924 770 3981 Video
794 3925 830 3979 ab
852 3926 991 3981 omnibus
1013 3928 1042 3981 in
1069 3943 1118 3981 me
1144 3930 1209 3999 peti

157 4021 353 4089 modestiam,
372 4019 554 4078 maximam
571 4019 728 4089 hostibus,
750 4022 800 4092 qui
815 4021 936 4076 micime
950 4033 1050 4095 tamen
1067 4022 1208 4078 omnium
