2564 5056
133 302 194 372 lat
260 272 266 279 ⁸
617 295 711 362 1520·
760 324 763 329 >

597 476 727 536 Je'sus.

135 616 286 706 Salutem.
322 646 441 702 Literas
462 653 528 700 tuas
548 657 588 697 ex
604 641 795 710 Altenburgo
814 642 999 700 datae'heri
1020 649 1150 719 accepi,
1167 649 1206 704 uti

135 745 298 816 spalatine:
318 745 369 797 sed
388 741 572 812 posteriores
592 753 631 791 ex
648 736 784 792 Buttstet
797 737 880 807 priua
901 756 1106 811 acceperam.
1125 742 1205 798 Nihil

136 853 236 894 actum
262 834 307 892 e'st
330 839 367 890 de
388 852 437 890 nte
459 836 489 889 in
509 832 668 899 Etslebeu,
703 832 758 886 nisi
785 833 866 902 quud
892 831 1033 890 Carolus
1060 835 1205 893 Miltitius

136 933 264 987 consilio
284 933 379 1001 petito
400 947 416 982 a
436 928 576 984 Patribus
597 928 715 980 tandem
735 925 881 992 obtinuit,
900 935 936 981 ut
956 927 1002 985 R.
1030 927 1072 984 P.
1092 930 1205 1001 Staupi.

135 1029 195 1082 tius
222 1039 250 1077 et
275 1025 412 1078 novellus
428 1023 565 1076 vicarius
586 1020 785 1075 Wenceslaue
803 1019 838 1074 ad
856 1035 905 1073 tue
930 1023 1119 1091 profecturi
1142 1006 1206 1080 ora.

136 1133 204 1176 rent
230 1136 294 1185 me,
314 1134 345 1172 ut
365 1119 467 1171 literas
488 1115 627 1195 privatim
648 1115 683 1169 ad
702 1110 792 1169 Rom.
811 1113 1000 1174 Pontificem
1020 1117 1204 1181 scriberem,

137 1210 328 1279 contestans,
347 1211 419 1265 nihil
444 1226 492 1263 nte
512 1211 540 1263 in
559 1224 720 1280 personam
741 1222 824 1263 suam
840 1223 977 1279 unquam
998 1211 1103 1267 fuisse
1121 1213 1206 1268 ruoli-

137 1315 215 1371 tum‚
245 1322 367 1374 sperans
387 1304 448 1358 hoc
470 1302 598 1358 consilio
617 1318 682 1356 rem
700 1302 777 1356 bene
794 1301 982 1361 habituram.

126 1450 133 1460 ,
205 1399 271 1461 Etsi
297 1399 359 1454 hoc
385 1398 461 1467 apud
487 1414 535 1450 me
562 1397 635 1450 nihil
661 1397 749 1463 lacit,
775 1413 831 1450 nec
850 1397 926 1466 apud
946 1395 1087 1468 Patres,
1107 1408 1204 1456 temen

136 1508 204 1547 anos
230 1504 353 1559 geretur
371 1490 508 1555 homini,
531 1493 612 1545 forte
632 1506 685 1560 per
702 1490 763 1544 hoc
782 1505 842 1543 suat
860 1505 988 1560 quoque
1009 1509 1117 1548 causas
1135 1510 1204 1549 cun.

137 1587 262 1641 sulturo.
301 1585 438 1640 Scribant
464 1586 563 1656 itaque
588 1584 617 1638 id
644 1585 724 1654 quod
750 1599 799 1637 res
827 1592 890 1650 est,
916 1584 997 1639 nihil
1015 1591 1204 1660 unquamia

135 1697 184 1734 me
205 1683 311 1748 tuisse,
332 1682 411 1752 qnod
431 1683 460 1735 in
479 1694 638 1750 personam
656 1676 813 1732 Pontificis
831 1686 1009 1746 raperetur:
1031 1683 1111 1751 quid
1126 1684 1202 1738 enim

137 1785 167 1828 ct
191 1774 309 1829 facilius
335 1786 364 1830 et
389 1774 490 1830 verius
514 1774 650 1829 scribere
669 1771 818 1843 possum?
855 1769 1011 1826 caeterum
1031 1776 1147 1830 sedem
1162 1777 1203 1848 ip.

136 1884 200 1922 sam
220 1882 249 1922 et
268 1887 306 1923 ne
325 1871 458 1925 atrocius
476 1880 602 1924 tractem
623 1869 700 1922 inter
719 1862 930 1933 scribendum,
949 1868 1134 1925 cavendum
1148 1870 1201 1924 erit

136 1963 227 2018 milti:
249 1978 426 2034 aspergetur
444 1976 544 2019 tamen
564 1963 625 2017 sale
643 1977 710 2016 suo.

204 2058 317 2112 ltunen
344 2060 444 2112 literas
468 2059 503 2112 ad
529 2074 577 2111 me
603 2055 684 2110 dedit
710 2052 822 2122 ingenti
846 2051 953 2122 spiritu
977 2063 1154 2121 aestuantes
1173 2059 1200 2112 in

135 2148 225 2202 Rom.
254 2151 453 2215 Pontificem,
479 2151 615 2204 scribens
636 2165 668 2204 se
685 2150 748 2217 jam
770 2158 801 2202 et
817 2145 911 2199 literis
932 2155 962 2199 et
987 2149 1086 2203 armis
1104 2152 1135 2205 in
1158 2160 1200 2220 ty.

135 2241 288 2292 rannidetn
312 2244 530 2297 sacerdotalem
551 2258 661 2296 ruere:
691 2252 810 2310 motus,
836 2240 915 2312 quod
942 2241 1099 2297 Pontifex
1123 2249 1198 2300 sicas

103 2347 110 2363 ⁸
135 2342 165 2384 et
184 2348 332 2385 venenunr
353 2336 378 2386 ei
399 2335 572 2400 intentarit,
593 2351 628 2387 au
646 2335 799 2405 Episcopo
819 2334 1005 2402 Mogontino
1027 2340 1197 2406 mandarit,

136 2441 255 2496 captutn
284 2437 312 2479 et
339 2431 472 2480 vinctutn
501 2427 631 2479 Rotnani
656 2427 787 2479 mittere.
832 2429 859 2483 Ο
893 2429 1013 2494 diguam
1052 2433 1195 2502 (inquit)

136 2540 217 2575 caeco
237 2521 383 2575 Pontifice
403 2521 592 2574 deruentium.
628 2520 750 2575 Videbis
771 2522 942 2592 exemplar,
969 2523 1022 2576 ubi
1044 2541 1194 2596 recepero

137 2616 172 2670 ab
192 2617 323 2671 ilenrico
344 2620 521 2671 Stromero:
554 2618 579 2670 is
599 2617 677 2669 enim
697 2617 802 2685 petivit
822 2618 933 2669 ridere.

204 2711 360 2766 uterorum
386 2728 482 2766 causae
509 2712 648 2777 accedit,
678 2714 760 2780 quod
790 2710 958 2781 Episcopus
986 2709 1195 2781 Moguutiutts

135 2824 189 2877 per
217 2809 381 2860 conciones
406 2808 573 2871 mandavit,
601 2807 722 2859 liutteni
750 2805 870 2859 nomine
895 2819 1069 2873 expresso.
1099 2808 1194 2861 libros

135 2903 199 2970 rjus
219 2917 323 2954 cunno
343 2901 514 2954 Rotnnuunt
534 2900 713 2957 Pontificem
734 2914 830 2969 neque
850 2899 905 2965 legi
926 2916 1025 2968 neque
1045 2901 1123 2968 emi,
1138 2900 1192 2956 sub

135 2996 459 3050 excommunicationis
487 2996 651 3059 sententia,
680 2995 798 3062 adjecto
817 2993 845 3046 in
865 2992 940 3055 line,
970 2995 1100 3047 eundem
1127 3012 1195 3049 sen.

134 3091 255 3141 tentirnn
276 3091 311 3143 de
333 3091 479 3143 similibus
496 3089 600 3155 libris,
622 3087 672 3140 nbi
693 3103 777 3141 meos
800 3088 919 3141 occulte
941 3096 1039 3142 taxat.
1076 3089 1192 3143 Verum

135 3183 158 3235 si
180 3195 207 3234 et
228 3199 274 3234 rue
289 3185 326 3236 itu
346 3185 521 3238 nunrinutint
538 3183 727 3250 tructuverit,
743 3183 867 3252 jungunt
885 3183 1018 3235 liutteno
1040 3194 1072 3236 et
1087 3200 1192 3237 meum

134 3277 290 3344 spiritnrn,
311 3279 355 3330 itu
381 3296 428 3331 ure
452 3273 669 3340 excusaturus,
696 3286 730 3330 ut
757 3275 941 3346 Episcopum
969 3275 1191 3344 Moguntinum

133 3386 192 3421 nou
211 3370 266 3421 situ
289 3369 505 3425 laetilicatnrus:
534 3373 612 3425 sorte
633 3371 721 3423 finem
742 3371 886 3438 tyrannidi
906 3386 964 3423 suae
983 3371 1041 3439 ipsi
1063 3372 1122 3426 sibi
1142 3390 1194 3427 ac.

133 3462 264 3514 celerant
286 3461 346 3513 hoc
366 3465 504 3518 cottsilit).

202 3558 247 3608 Ad
269 3571 315 3608 nie
337 3557 438 3609 rrdro.
476 3558 546 3611 Nun
571 3559 691 3613 suerunt
709 3574 763 3613 sex
778 3559 933 3612 Doctores
952 3558 1028 3627 apud
1048 3576 1116 3628 me,
1136 3566 1192 3621 sed

133 3651 192 3706 duo
219 3660 334 3705 tantum
359 3650 467 3703 l'icurii
487 3651 617 3720 Staupitz
635 3663 665 3706 et
683 3650 880 3708 Wencusluus
902 3667 970 3704 cum
991 3653 1108 3722 aliquot
1130 3657 1193 3712 fra.

132 3747 239 3800 tribus.
278 3746 396 3819 Quibus
420 3743 558 3798 onrnibus
585 3763 758 3802 causantes
780 3763 839 3800 non
861 3747 1021 3816 displicet,
1048 3750 1192 3820 displicet

133 3851 231 3892 auteur
259 3839 507 3893 Rontunensibns.
555 3838 682 3910 Nuptias
711 3840 852 3894 Eisleben
884 3839 1037 3907 magnifice
1067 3845 1191 3899 ornavit

133 3933 281 3987 illustriss.
310 3935 456 4005 Princeps
482 3950 574 3986 curro
600 3935 733 3988 donato:
763 3951 854 4005 quare
880 3935 988 4002 gratius
1011 3952 1069 4005 pru
1094 3937 1187 3993 nobis

133 4043 200 4090 ugus
221 4028 400 4093 tuaguificuS.
