2574 4732
583 305 674 375 1519.
1105 308 1167 375 263

115 461 180 518 sine
210 457 302 515 dubio
332 473 390 514 aec
418 456 582 515 Germania
615 475 664 516 eas
694 467 845 517 nosceret.
890 461 964 520 ldeo
990 462 1038 520 his
1068 463 1166 522 tribus

112 552 313 612 Pontificibus
336 553 465 608 dandum
485 560 545 615 est,
572 555 653 625 quod
671 555 794 610 decreta
816 553 1024 613 Romanorum
1039 557 1166 615 Pontifi.

114 663 185 705 eum
202 646 352 716 invulgata
370 656 456 714 sunt,
476 654 507 701 et
521 646 661 702 Romana
679 647 810 717 tyrannis
828 646 967 705 stabilita.

182 740 241 796 Sed
262 740 334 813 quid
354 749 455 796 tamen
475 740 541 795 hec
561 741 596 796 ad
616 757 715 796 meam
734 740 981 811 conclusionem?
998 742 1064 814 Ego
1085 765 1164 818 nego

113 835 284 892 Romanam
314 832 484 890 Ecclesiam
518 832 658 889 omnibus
685 833 832 891 Ecclesiis
856 835 1066 908 superiorem,
1102 858 1165 897 non

113 948 192 1001 nego
216 945 282 986 eam
307 929 420 984 uostris
451 925 507 997 (ut
533 942 614 983 nunc
638 928 766 998 regnat)
792 929 989 1001 superiorem.
1034 930 1164 1005 Quando

114 1024 195 1081 enim
211 1022 324 1080 Ennius
342 1020 500 1093 probabit,
518 1022 601 1094 quod
619 1021 913 1099 Constantinopolis,
934 1037 984 1078 ant
1004 1024 1063 1078 ulla
1080 1025 1166 1083 Grae.

114 1118 170 1174 eila
200 1115 360 1182 Ecclesia,
394 1118 514 1187 quando
545 1115 757 1185 Antiochena,
796 1110 916 1188 quando
944 1118 1164 1191 Alexandrina,

116 1211 236 1282 quando
259 1209 389 1280 African,
415 1211 534 1281 quando
561 1213 687 1283 Aegypti
714 1212 771 1267 sub
795 1212 931 1268 Romana
954 1212 1087 1282 fuerint,
1114 1224 1166 1271 aut

117 1305 277 1376 episcopos
290 1303 484 1360 confirmatos
501 1305 692 1374 acceperint?
710 1305 777 1375 Ego
794 1319 892 1364 antem
906 1311 1064 1381 probabo,
1083 1312 1165 1383 quod

116 1407 147 1454 et
170 1396 336 1466 Gregorius
355 1398 404 1454 ille
423 1412 548 1468 magnus
573 1408 603 1453 et
627 1400 741 1470 primus
767 1415 783 1454 a
807 1398 954 1457 Mauritio
976 1404 1165 1475 Imperatore

116 1491 227 1548 Graeco
248 1490 441 1548 confirmatus
461 1501 525 1562 ast,
545 1502 576 1547 et
596 1492 746 1561 Sylverius
763 1508 779 1546 a
796 1492 945 1550 ¹Belisario
964 1497 1091 1565 patricio
1110 1511 1165 1567 per

115 1587 281 1655 Augustam
299 1584 440 1642 Grascam
459 1586 633 1658 depositus,
659 1595 690 1641 et
709 1586 802 1640 multa
822 1585 886 1641 alin.
928 1588 1069 1659 Denique
1089 1604 1166 1644 nun.

114 1681 186 1753 quid
205 1680 386 1749 Christiani,
405 1679 457 1750 qui
476 1679 566 1734 etiam
587 1694 667 1733 nunc
685 1687 755 1733 sunt
774 1677 830 1733 sub
849 1677 970 1750 Turea,
988 1681 1165 1753 Persarum,

113 1774 278 1843 Indorum,
305 1773 484 1843 Scytharum
506 1771 660 1841 regibus,
674 1770 780 1826 Romae
806 1783 876 1827 sunt
899 1774 1050 1844 aubJecti?
1080 1775 1165 1831 Itane

113 1880 275 1940 praesentes
294 1867 437 1922 historias
457 1865 488 1920 in
505 1881 541 1922 os
559 1863 643 1921 Eccii
660 1874 783 1920 ruentes
801 1863 945 1933 negabit?

182 1959 212 2015 Si
231 1976 305 2028 ergo
324 1959 509 2030 posuissem,
528 1958 609 2031 quod
629 1957 765 2014 Romana
783 1958 921 2016 Ecclesia
938 1977 1033 2034 usque
1055 1962 1086 2018 in
1105 1964 1165 2019 bo.

114 2055 251 2110 diernum
275 2054 354 2108 diem
374 2045 435 2108 non
454 2053 594 2110 omnibus
612 2051 759 2107 Ecclesiia
777 2053 883 2108 fuisset
901 2053 932 2122 c)
951 2057 1111 2126 superior,
1132 2065 1162 2115 et

114 2149 195 2222 quod
211 2158 316 2203 contra
328 2146 457 2203 Eccium
470 2156 563 2205 staret
579 2145 705 2202 historia
717 2144 863 2202 Ecclesiae
880 2150 1024 2219 usquead
1040 2160 1163 2206 nostroe
1237 2154 1241 2168 '

115 2243 195 2297 dies:
226 2257 300 2297 vera
329 2241 498 2310 dixissem,
525 2241 579 2298 sed
603 2240 692 2296 nimis
720 2247 845 2313 aperte,
872 2248 903 2295 rt
928 2243 1003 2297 citra
1032 2243 1162 2299 insidias.

112 2335 202 2393 Nunc
218 2335 443 2392 insidiosissime
463 2336 490 2391 ei
510 2334 596 2407 posui
612 2337 770 2406 laqueum,
800 2334 854 2390 sed
877 2350 958 2389 nunc
982 2335 1163 2402 invalidum,

114 2430 182 2500 quia
196 2429 249 2484 tibi
270 2429 439 2498 revelatus,
456 2433 537 2501 quod
553 2429 646 2483 timeo
664 2427 734 2483 Deo
754 2443 816 2482 non
832 2428 1024 2499 placiturum.

182 2523 321 2585 Omitto,
340 2525 421 2593 quod
436 2521 599 2594 Cyprianus
617 2531 731 2590 martyr
747 2522 857 2576 Alricae
872 2521 1025 2578 Ecclesias
1041 2523 1071 2577 in
1089 2538 1164 2578 con.

116 2611 219 2671 cilium
243 2615 390 2680 vocavit,
421 2631 540 2685 semper
564 2615 628 2670 sine
649 2615 811 2670 autoritate
837 2615 967 2670 Rotnani
988 2615 1164 2682 Pontificis,
1238 2672 1242 2685 ‚

116 2723 188 2762 cnm
207 2717 306 2760 tamen
323 2718 404 2761 esset
421 2708 457 2761 de
476 2705 613 2762 Ecclesia
630 2706 754 2765 Latinas
776 2717 807 2760 et
822 2706 967 2762 Romanas
985 2709 1163 2763 adhaereret.

115 2803 200 2858 Idem
220 2809 358 2870 tempore
378 2798 534 2867 Augustini
562 2800 700 2855 iecerunt
724 2799 845 2871 quidam
870 2801 980 2854 Africae
1006 2800 1162 2873 Episcopi.

114 2895 230 2952 Extant
257 2894 417 2964 utriusque
446 2890 602 2949 Pontificis
629 2893 822 2948 testatissima
848 2895 971 2966 scripta.
1020 2894 1164 2967 Nunquid

114 2989 225 3046 Eccius
244 2996 294 3043 aut
312 2987 466 3045 Romanus
485 2985 630 3042 Pontifex
648 3003 682 3042 ea
700 2987 812 3059 poterit
828 2993 957 3056 negaret

181 3081 250 3138 Nos
263 3081 407 3138 Germani
422 3092 552 3140 tantum,
570 3092 693 3152 aceepto
711 3081 854 3151 imperior
885 3081 1042 3139 Romanos
1060 3080 1166 3140 Ponti.

114 3177 188 3233 tices
204 3176 414 3242 stabilivimus,
432 3183 574 3246 quantum
593 3175 755 3246 potuimus.
790 3174 863 3231 Ideo
882 3176 911 3230 in
928 3191 1046 3247 poenam
1060 3193 1164 3235 rursus

115 3286 168 3325 eos
187 3271 402 3342 passimus,
428 3271 559 3325 dirarum
577 3280 710 3326 tortores
729 3279 758 3324 et
778 3279 937 3325 vexatores
959 3279 987 3325 et
1006 3287 1087 3327 nunc
1104 3273 1167 3345 pal.

115 3364 226 3420 liorum
241 3374 269 3418 et
288 3365 510 3436 episcopatuum
525 3365 732 3420 exhaustores.
1121 3427 1125 3434 ,

186 3457 278 3534 Quod
291 3470 391 3514 autern
405 3457 593 3528 frigidissima
608 3459 728 3515 decreta
746 3459 853 3516 vocavi
862 3500 873 3528 ,
891 3460 960 3515 ideo
988 3461 1064 3531 feci,
1083 3461 1166 3534 quod

115 3552 281 3625 scripturas
301 3553 329 3608 in
353 3552 433 3608 hanc
455 3568 521 3608 rem
539 3562 704 3624 torquent,
732 3551 807 3609 nihil
825 3555 861 3609 de
882 3555 1081 3624 monarchia,
1111 3555 1164 3611 sed

115 3636 250 3720 pastud)
275 3656 305 3703 et
332 3646 388 3704 lide
412 3656 528 3702 tanturn
554 3647 723 3720 loquentes.
767 3648 824 3705 Sed
851 3650 932 3718 aine,
958 3665 1078 3724 quaeso,
1104 3663 1161 3703 nos

172 3953 199 3999 n
225 3946 326 3997 aaran
349 3947 473 4001 saraae
488 3949 516 4002 4
530 3958 571 4004 n,
591 3949 644 3998 aas
660 3946 789 4005 attestata
804 3947 895 4001 taetra.
978 3935 979 3947 ¹

174 4027 206 4073 dl
234 4027 307 4073 cad.
327 4027 393 4079 lan.
416 4036 497 4084 pacto.
