2574 4732
1059 303 1123 382 6'93

69 454 238 543 ¹irrerictne
264 454 436 533 discedere,
462 468 609 537 tolonum·
630 469 664 519 ut
691 463 771 532 dixi,
803 454 1061 524 controversiain
1084 484 1122 527 eo

76 561 189 630 inerit,
206 559 288 632 quod
306 558 450 616 erticulcs
466 572 630 625 erroneos,
648 573 725 628 quoe
741 558 771 612 in
787 548 894 615 libellis
910 563 984 617 meis
996 563 1121 632 jactent,

77 667 132 727 per
153 653 320 726 Scripturas
337 662 456 709 ssnctee
476 667 537 708 nnn
558 650 669 723 placuit
689 652 863 722 revincere,
888 671 944 708 nee
971 670 1054 726 spem
1080 657 1126 713 is.

77 762 149 802 cere
168 755 219 801 eut
238 745 433 818 promittere.
453 743 610 817 aliquando
630 743 717 812 iore,
741 757 775 800 ut
797 745 965 802 libellorum
984 765 1123 806 meorum

78 852 207 895 exeruen
231 848 263 894 et
281 838 414 909 cognitio
433 838 633 910 perverbum
654 838 714 894 Dei
736 855 951 910 perageretur:
975 843 1126 898 nibilnmi.¹

77 944 136 990 nne
168 933 199 991 8.
227 931 382 1004 MsJeetett
408 920 601 1001 lucentius
625 946 680 1001 ugo
710 949 800 1004 quum
826 934 1015 1001 humillime,·
1042 939 1126 1007 quod

76 1025 170 1083 fidem
189 1026 340 1098 publicem
364 1034 396 1081 et
418 1022 596 1081 Wormetirs
619 1037 742 1097 strenue
760 1029 906 1104 serverite
934 1031 1127 1083 servandum.

77 1137 137 1194 que
154 1136 251 1193 neque
268 1120 306 1176 ud
323 1134 462 1178 securum
480 1133 578 1174 meam
592 1120 778 1176 mensionem
795 1122 1007 1193 spoponderit:
1027 1124 1126 1179 denuo

78 1214 112 1272 8.
136 1210 332 1286 Mejeetutem
362 1222 446 1270 tuem
469 1229 525 1286 per
549 1213 705 1271 Christum
730 1210 916 1282 obsecrans,
936 1230 974 1269 ne
999 1217 1129 1287 pariatur

82 1323 135 1364 me
165 1322 234 1380 per-
251 1306 438 1364 sdversarius
452 1296 611 1378 opprimi,
646 1309 704 1364 rim
733 1311 793 1381 peti
814 1317 845 1364 et
868 1310 1018 1376 damnari,
1054 1320 1124 1365 cunr

79 1402 172 1460 sotice
206 1416 256 1458 me
286 1401 350 1472 jem
381 1401 563 1464 obtulerim,
591 1402 671 1457 sicut
699 1399 897 1458 christianum
924 1413 954 1457 et
982 1403 1129 1459 obedien.

78 1502 141 1552 tem
158 1494 313 1552 hominem
328 1496 428 1550 decet.
460 1485 674 1550 Paratissimus
696 1496 775 1551 enim
791 1510 858 1551 sum
878 1497 976 1552 sdhuc
995 1492 1052 1551 sub
1074 1498 1131 1554 iidd

80 1587 304 1659 8.Mejestetis
326 1596 508 1645 tusscorum
531 1587 684 1657 judicibus
707 1605 769 1644 non
794 1590 962 1661 suspectis,
990 1591 1133 1661 eruditis,

79 1680 200 1750 liberis,
229 1691 290 1738 tem
312 1681 448 1754 profanis
465 1696 555 1752 quum
574 1681 787 1738 ecclesiasticis
813 1683 901 1751 sisti,-
927 1696 989 1755 quo
1013 1699 1068 1754 per
1101 1684 1130 1742 Se

81 1772 277 1848 Mnjeststem
300 1783 400 1844 tuum,
422 1792 478 1849 per
499 1774 618 1849 imperii
643 1774 796 1845 Ordines,
822 1790 877 1848 per
899 1777 1049 1843 concilia,
1078 1793 1134 1848 per

80 1870 246 1939 doctores,
264 1869 329 1927 eive
348 1869 520 1943 quicunque
537 1869 635 1942 possit
653 1884 689 1924 sn
707 1869 780 1925 velit
800 1871 912 1926 docere
926 1865 981 1940 ¹¹),
999 1864 1135 1925 libellos.¹

81 1974 142 2036 qne
157 1973 245 2022 meos
259 1971 291 2020 ct
308 1964 446 2034 dogmata
466 1961 606 2018 omnibus
626 1959 825 2018 libentissime·
839 1962 1038 2031 submittere,
1062 1965 1136 2019 eim.-

82 2071 154 2113 men
175 2066 207 2114 et
223 2057 374 2129 judicium
397 2056 547 2113 sustinere
569 2064 599 2111 et
620 2062 805 2127 eccepteree
832 2056 912 2111 nulle
942 2072 976 2111 re
1007 2071 1134 2127 prorsus

84 2159 234 2226 excepte,
258 2151 315 2209 nisi
334 2150 402 2209 solo
420 2150 518 2208 serbo
539 2148 618 2220 Dei,
645 2161 767 2221 sperio,
792 2149 875 2206 clero
903 2161 934 2205 ct
960 2149 1137 2223 liberrimo,

83 2246 166 2318 qnod
184 2246 295 2303 merito
313 2243 455 2303 omnibns
473 2245 633 2316 nuperius,
665 2253 698 2302 et
715 2245 850 2302 emnium
867 2242 1024 2299 bominum
1038 2245 1136 2315 judex

83 2348 262 2410 permenere
279 2339 380 2399 debet.-
1133 2408 1136 2413 ¹

152 2431 224 2489 Hoc
241 2448 302 2489 nou
320 2449 386 2489 mee
405 2435 627 2502 solimorum,
650 2435 702 2507 dui
721 2432 829 2491 nulllus
853 2448 920 2490 sum
944 2433 1054 2505 pre'tii,
1082 2430 1137 2490 sed

84 2524 188 2581 mune
198 2524 345 2580 noereio
361 2531 483 2585 nomine
500 2528 675 2598 suppliciter
693 2542 767 2594 orn,
795 2542 861 2596 ques
879 2528 957 2582 ratio
976 2538 1005 2580 et
1023 2526 1140 2595 movitp

11 2602 16 2608 ⁶
86 2626 123 2672 ist
138 2616 195 2673 bus
212 2617 314 2673 litores
331 2626 402 2686 poet
418 2626 537 2688 tergum
555 2618 751 2674 remitterem.
786 2617 836 2673 Ex
853 2608 928 2674 'toto
948 2620 1026 2673 enim
1045 2618 1141 2674 corde

86 2710 118 2767 8.
142 2708 298 2781 Mujestuti
323 2717 403 2778 tun,
428 2710 485 2767 toti
504 2711 632 2782 imperio
651 2718 682 2765 et
705 2710 897 2767 nobriissimse
919 2712 1031 2767 notioni
1048 2710 1142 2768 ner.

86 2803 213 2860 menicss
235 2812 326 2876 quem
350 2803 464 2877 optime
488 2804 597 2858 vellem
624 2805 814 2866 consultum,
847 2807 930 2860 etin
956 2806 1049 2874 gratis
1077 2803 1139 2860 Dei

88 2902 196 2955 omnes
221 2899 335 2955 terreri
362 2897 479 2954 felices.
519 2895 589 2954 Neo
618 2896 766 2954 hactenus
796 2898 873 2953 eliud
901 2898 1023 2971 quesivi
1051 2896 1143 2970 quent

89 2990 216 3062 glorium
235 2991 299 3049 -Dei
327 3000 358 3047 et
382 3006 575 3049 communem
599 2991 735 3049 omnium
757 2992 904 3051 sulutem.
936 2990 1009 3047 nihil
1021 3030 1031 3060 ‚
1060 2988 1144 3062 quod

90 3086 166 3142 mihi
184 3085 256 3141 utile
279 3089 374 3154 eunt,
403 3085 597 3143 considerans
616 3084 798 3153 etiamnum,
828 3086 893 3141 sire
911 3085 1074 3141 adversarii
1094 3089 1145 3140 me·

91 3173 357 3249 condemnenus),
375 3179 441 3236 sire
458 3179 568 3236 minue.
603 3178 632 3237 Si
651 3179 730 3235 enim
748 3178 901 3236 Dominus
914 3166 954 3248 ¹)
981 3194 1066 3234 meus
1087 3183 1145 3251 prn'

91 3273 221 3330 inimicis
238 3274 302 3330 suis
318 3273 349 3329 in
367 3288 460 3329 cruce
477 3273 594 3329 crevit:
621 3281 735 3346 quanto
753 3274 847 3342 magis
867 3289 924 3342 ego
949 3288 1006 3344 pro
1027 3270 1057 3327 S.
1075 3271 1146 3327 Me.

88 3365 201 3437 jestetc
216 3375 283 3437 tue,
302 3384 358 3441 pro
376 3367 503 3437 imperio
521 3376 609 3437 tcto,
626 3375 657 3423 et
678 3366 864 3424 cbarissimis
883 3367 959 3423 meis
978 3365 1145 3436 maioribus
1173 3361 1180 3373 ”

93 3465 218 3530 tuteque
252 3461 347 3531 petris
378 3459 565 3528 Germanis,-
601 3460 639 3516 de
667 3459 776 3534 quibus
805 3476 868 3518 non
895 3460 964 3543 nisi
985 3458 1099 3531 optime
1113 3453 1146 3524 ¹)
1228 3488 1231 3493 -

98 3598 619 3629 m-——an—

150 3706 181 3762 ¹¹)
211 3703 271 3765 blo
284 3706 342 3760 triu
361 3711 438 3760 osser
452 3713 480 3760 le
494 3711 556 3761 enen
569 3710 664 3765 lisine
680 3710 736 3765 end
749 3709 778 3763 lis
791 3712 832 3762 res
846 3702 1147 3768 londonensium&

150 3786 181 3840 l)
207 3786 257 3833 lde.
280 3786 332 3855 rire
345 3800 384 3836 ne
398 3792 534 3841 edrerneii
545 3794 668 3841 dennest-

151 3856 184 3915 k)
212 3863 262 3911 Me.
278 3864 308 3916 -Ι-
320 3864 437 3916 curium

150 3940 178 3996 ι)
207 3941 495 4004 vinumque..

180 4018 252 4104 ull.
273 4018 302 4095 1.
