2574 4732
600 300 691 365 teus.
1107 304 1165 374 551

123 458 209 525 dmi,
235 465 265 512 et
287 471 373 515 mens
400 462 431 510 st
446 453 630 520 ‚deliberatio
648 457 678 511 iu
696 471 761 511 mes
780 455 819 512 sit
836 473 924 513 otuu
935 497 945 526 ,
965 459 1165 529 undecunque

122 552 208 624 plene
226 551 330 607 britolii
349 550 527 618 gratitudine
545 563 579 604 et
594 549 749 621 voluptate
767 549 911 606 intellexi.
945 550 1009 607 Pro
1028 570 1086 623 qne
1101 570 1168 622 gru.

122 646 187 714 tis,
216 655 249 700 ut
275 644 416 701 Ceseres'e
441 642 616 714 Mejesrari,
645 644 685 699 ite
711 641 875 698 Electorelr
900 643 1012 699 Grstiae
1037 661 1167 716 vestro,

121 741 228 808 gratiss
246 754 335 809 quern
349 738 533 794 'humillimus
552 754 625 807 ugo:
645 748 675 793 et
693 752 732 792 ex
750 738 843 792 corde
855 737 981 804 gaudeo,
1001 739 1167 796 Caessreuut

120 833 316 902 Msjestetem
338 832 417 888 hene
441 846 578 899 cauum,
605 847 688 903 quo,
716 830 840 887 Christo
862 839 959 898 reste,
980 829 1058 900 Dei,
1084 832 1167 888 chri.

121 926 207 983 stisni
224 923 327 991 orbis,
345 923 488 990 Ecclesiae
507 925 681 993 catholice,
700 933 730 980 et
748 923 841 980 totius
863 922 1051 980 Gerinanicae
1070 927 1168 982 natio.

120 1018 186 1085 nis,
211 1030 241 1073 et
262 1035 322 1074 non
339 1020 426 1075 unius
445 1031 475 1075 st
493 1019 599 1092 priuati
618 1030 664 1075 est
681 1019 813 1074 hominis
832 1018 1040 1089 peculiariter,
1069 1020 1166 1075 multo

120 1112 220 1170 minus
235 1128 301 1169 mer
316 1114 455 1184 proprie,
474 1115 510 1177 ed
525 1130 608 1170 suurn
625 1115 789 1170 Caessrssm
804 1111 997 1182 Mujeststenr
1013 1113 1167 1184 suscipere

121 1205 209 1260 velle.
731 1216 752 1274 ,·

187 1298 293 1370 Itaque
311 1316 373 1355 non
391 1300 489 1358 miuus
502 1301 585 1372 jem,
611 1319 700 1374 quern
717 1300 863 1358 hactenus
882 1316 1009 1373 semper·
1023 1317 1079 1373 pro
1100 1317 1167 1356 meu

119 1391 276 1464 multipiici
300 1393 452 1451 oblatione
474 1405 504 1451 st
526 1396 761 1465 protestatione,
784 1407 814 1450 et
832 1395 999 1468 prasertim
1023 1413 1073 1464 es,
1101 1411 1167 1466 quos

120 1485 198 1558 typis
216 1501 328 1542 excuss
347 1489 458 1559 prodiit
476 1489 506 1545 in
523 1489 697 1561 publicum,
727 1490 812 1559 cujus
834 1492 1005 1560 exemplum
1025 1491 1089 1544 sive
1113 1506 1167 1544 co.

119 1580 199 1651 piem
223 1578 522 1638 Electoretifirnie
546 1595 653 1639 vestro
677 1585 867 1640 transmitto,
894 1584 1070 1652 suppliciter
1090 1583 1165 1636 offe.

120 1671 234 1743 101²),
252 1692 300 1730 me
317 1677 416 1731 omnis
435 1685 465 1740 ct
482 1677 631 1734 facturum
651 1687 681 1732 et
700 1679 901 1742 omissurum,
922 1694 987 1746 quae
1005 1691 1074 1731 cum
1093 1676 1163 1732 Deo

102 1759 152 1824 'et
173 1768 335 1837 christinus
360 1770 504 1837 dignitate
530 1770 631 1836 fecere
658 1780 783 1843 potero,
813 1770 860 1825 vel
886 1787 951 1841 quse
974 1770 1109 1824 iacienda
1133 1776 1165 1833 et

119 1862 285 1925 omittendo
301 1862 454 1930 honestis,
483 1864 574 1918 oertis
593 1873 623 1919 et
639 1864 858 1921 sufficientibus
874 1864 974 1920 causis
992 1871 1024 1918 st
1040 1862 1165 1918 rationi.

119 1953 178 2010 bus
195 1967 394 2011 sacrosanctus
412 1957 516 2012 divinos
534 1958 695 2028 Scriptores
712 1957 859 2013 docebor.

189 2047 397 2118 Quamobrem
418 2067 486 2107 cusu
506 2051 590 2106 omni
607 2051 795 2121 subjectione
816 2050 966 2116 obsecro,
991 2059 1024 2107 ut
1040 2049 1164 2116 Electo-

118 2139 188 2197 rslis
206 2151 305 2198 vestre
323 2141 429 2200 Gratis
447 2161 516 2212 erge
533 2144 624 2200 Rern.
644 2144 816 2211 Greesresrn,
828 2144 1021 2216 Mejestetem
1036 2160 1093 2214 pro
1113 2159 1162 2199 me

117 2234 292 2305 suppliciter
315 2245 400 2302 oret,
425 2246 522 2294 utine
539 2239 695 2295 sufficienti
713 2241 920 2296 securitate-et
937 2239 1033 2295 libero
1052 2254 1161 2294 securo

118 2329 272 2385 conductu
288 2339 394 2386 contre
413 2347 533 2386 ornnem
552 2333 634 2400 viru,
661 2348 749 2404 quem
768 2331 842 2389 mibi
860 2334 1022 2388 timendum
1040 2331 1163 2402 insigni.

117 2430 166 2479 ter
191 2421 310 2491 habeo,
336 2425 467 2493 gratiose
491 2427 670 2496 provideat,
698 2438 728 2483 et
747 2438 852 2494 curet,
882 2435 917 2481 nt
941 2426 1006 2480 brec
1030 2441 1120 2481 ceusu
1144 2440 1161 2481 s

117 2515 242 2586 probis,
262 2518 401 2587 erudiris,
419 2519 636 2589 prudentibus,
652 2536 713 2575 non
731 2519 879 2591 suspectis
897 2527 927 2572 st
947 2519 1003 2589 piis
1021 2517 1160 2571 christis.

117 2609 164 2665 nis
184 2609 271 2677 virle,
288 2611 488 2680 spiritualibus
507 2622 543 2666 et·
558 2611 769 2683 seculuribus,
788 2613 817 2665 in
836 2610 939 2664 Bibliis
960 2610 1035 2662 bene
1056 2609 1160 2675 lende,

116 2702 177 2768 tis,
204 2710 235 2756 et
253 2702 474 2769 intelligentiam
493 2712 525 2756 et
540 2703 700 2769 discrimen
719 2703 885 2758 divinarum
909 2709 938 2757 et
952 2702 1159 2760 bumanorum

117 2795 217 2864 legum
240 2807 272 2850 et
294 2807 513 2867 praceptorum
537 2795 715 2851 habentibus
734 2805 764 2850 et
785 2795 969 2860 scientibus,
994 2810 1160 2862 cognoscu-

118 2897 188 2955 tur,
206 2889 353 2960 simulque
367 2889 430 2945 illis
448 2868 636 2958 committet,
662 2900 694 2943 ut
717 2889 873 2958 diligenter
892 2905 942 2944 me
961 2890 1099 2943 eudisnt=
1127 2898 1159 2946 es

117 2995 244 3055 propter
262 2983 489 3038 Deumnullsm
509 2984 574 3039 vim,
586 2993 693 3039 contre
710 2999 780 3049 me,
799 2984 896 3038 donec
914 2998 1019 3054 purum
1037 2982 1159 3038 eluisti.

116 3093 191 3133 enus
210 3087 240 3132 et
257 3077 375 3148 iniquus
394 3084 425 3131 st
442 3077 554 3147 impius:
567 3078 710 3141 invenior.
727 3076 853 3148 proponi
870 3079 1037 3148 permittet:
1057 3087 1158 3146 etque,

117 3181 161 3226 ut.
176 3171 318 3245 seculare
337 3181 425 3239 ceput
443 3170 739 3228 senunchiisrisnae
756 3169 918 3235 Ecclesia,
942 3170 994 3226 det
1017 3186 1157 3240 operum,

117 3275 152 3319 ut
174 3267 231 3321 mei
255 3267 436 3335 adversarii,
460 3266 601 3323 Romans
622 3266 701 3322 eedls
723 3265 917 3330 defensores,
947 3264 1062 3319 interes
1080 3264 1158 3320 desi.
1219 3283 1224 3291 ·

117 3367 197 3415 stent
215 3375 231 3413 e
247 3361 424 3416 snoiuseno
444 3372 475 3416 et
491 3349 759 3432 imptopropestto
777 3370 882 3414 contre
898 3373 962 3425 tue,
988 3372 1059 3414 cum
1083 3374 1158 3415 exu-

113 3453 217 3507 stione
234 3467 378 3516 eorum·
388 3454 558 3522 librorum,
572 3464 604 3509 et
624 3453 661 3508 eb
681 3453 784 3525 impiis,
796 3451 928 3510 consiliis
947 3461 979 3508 et
998 3451 1157 3508 conatibus

113 3544 386 3616 furiosis-,ouibus
403 3565 472 3604 roeo
492 3549 631 3618 corpori,
650 3547 798 3615 dignitati,
816 3545 944 3612 honori,
964 3546 1071 3610 saluti,
1089 3546 1156 3601 vitre

120 3649 150 3695 et
175 3638 326 3707 tetresse,
352 3657 519 3713 quenquam
534 3654 598 3697 'me
621 3655 717 3713 neque
744 3641 841 3697 eodito
873 3655 970 3710 neque
996 3639 1156 3704 convicto,

119 3734 267 3789 malitiose
292 3744 322 3789 et
345 3734 479 3793 furenter
497 3737 689 3792 insidientur:
714 3743 764 3803 et,
789 3734 815 3791 ei
834 3732 967 3791 vicissim
982 3747 1037 3802 pro
1055 3731 1158 3787 delen.

121 3828 215 3884 dende
240 3828 332 3898 magis
353 3829 453 3886 divine
476 3831 646 3900 evangelice
669 3831 816 3898 seritete,
844 3841 933 3900 quern
952 3840 1019 3880 mes
1038 3824 1159 3896 proprie

121 3944 640 3979 W

175 4031 203 4076 n)
231 4027 296 4076 Vir.
317 4026 430 4076 efferens.
