2574 4732
569 338 660 410 1519.
893 315 897 321 ’
1076 344 1142 417 ssu
1182 345 1192 359 ⁸

92 495 216 564 gratiam
235 513 296 553 non
315 496 377 552 dari
396 498 537 552 meritum
557 515 573 551 a
592 498 770 554 doctoribus
788 499 995 558 scholasticis:
1015 500 1143 558 obtinuit

92 603 192 645 autem
210 591 368 659 facillime,
387 593 456 662 quia
471 608 561 646 nemo
581 608 711 662 unquam
731 593 856 659 negavit.
873 589 903 659 i)

153 685 199 741 ‚Er
211 684 355 742 c'redebas
372 687 497 741 credive
509 685 653 753 volebas,
670 686 716 739 vir
732 687 870 752 sincere,
888 686 1057 744 Lutberum
1075 704 1142 745 esse

91 787 152 834 tam
174 795 309 835 crassum
323 760 377 847 l‘),
405 788 438 833 ut
463 779 525 834 hoc
549 790 727 834 monstrum.
744 778 936 835 scholasticis
964 783 1142 841 doctoribus

90 889 222 943 unquam
245 874 420 943 impegerit,
448 885 498 928 aut
521 888 611 942 super
631 872 692 927 hoc
712 874 908 944 disputaverit
922 860 970 943 ¹),
997 890 1032 932 ut
1057 888 1088 934 te
1112 881 1143 936 in

89 966 152 1022 hoc
166 982 290 1022 necesse
308 955 398 1020 luerit
417 977 500 1022 tanto
521 967 650 1022 tumultu
667 978 787 1022 certare
808 969 837 1022 in
854 980 913 1023 tam
932 970 1037 1044 insigni
1054 950 1142 1035 locos

91 1059 154 1122 (aar
179 1075 241 1113 non
267 1059 354 1113 simili
379 1061 504 1114 tornatis
525 1059 626 1114 verbis
648 1067 711 1114 arte
731 1076 770 1115 ex
802 1063 985 1139 Ingolstadio
1014 1065 1143 1136 scribis,

89 1169 145 1223 per
176 1155 380 1224 purgatorium
403 1165 432 1208 te
459 1153 641 1208 intellexisse
671 1155 759 1209 tidem
783 1165 892 1228 sauctae
913 1157 1089 1226 Trinitatis,
1110 1167 1144 1215 ut

90 1246 245 1301 celebrare
273 1249 441 1317 possimus,
473 1247 639 1303 obtinuisse
670 1258 718 1314 te,
747 1250 852 1305 Deum
880 1268 946 1306 esse
971 1253 1084 1306 trinum
1113 1259 1145 1306 et

90 1357 202 1409 unum,
227 1332 309 1413 quod
331 1360 421 1398 nemo
442 1359 572 1413 unquam
592 1344 726 1412 negavit,
746 1347 824 1400 sicut
847 1361 902 1399 nec
925 1347 1143 1416 purgatorium,

88 1451 147 1506 pro
164 1451 225 1507 quo
246 1445 343 1491 tamen
363 1452 454 1506 quam
469 1436 620 1492 laboriose
637 1437 814 1507 disputasti?
832 1436 898 1506 Ego
917 1454 992 1494 vero
1009 1448 1038 1494 te
1054 1439 1143 1494 laudo

88 1531 353 1600 prudentissimum
373 1532 606 1602 disputatorem,
626 1531 677 1600 qui
698 1522 876 1586 tutissimam
899 1532 950 1586 tibi
973 1532 1143 1602 disputandi

87 1626 236 1679 rationem
259 1627 421 1693 inveneris,
444 1627 518 1679 etin
536 1626 660 1680 Christo
682 1626 842 1694 quaerendo
863 1625 1058 1680 elenchistam
1076 1627 1145 1682 Ari-

87 1718 229 1774 stotelem
255 1721 391 1776 sincerus
416 1720 569 1774 sincerum
600 1718 743 1784 imitaris,
775 1733 956 1789 apertusque
988 1728 1142 1791 apertum,

87 1824 121 1867 ut
142 1813 275 1868 alienatis
297 1829 313 1866 a
334 1813 455 1883 propria
473 1811 688 1881 significatione
711 1812 814 1866 verbis
841 1813 928 1882 (quaa
958 1821 1003 1868 est
1026 1829 1144 1869 summe

87 1906 167 1961 illius
187 1915 217 1959 et
235 1922 292 1959 una
314 1907 431 1972 virtus)
458 1917 564 1959 eontra
584 1904 748 1960 Chimaeras
770 1909 900 1976 pugnes,
929 1924 994 1977 quac
1016 1908 1143 1973 referire

87 2008 258 2068 nequeunt:
285 2000 406 2054 interim
437 2009 538 2070 aperte
568 2000 760 2055 consentiens
782 2001 904 2056 illorum
924 2000 1045 2068 verbis,
1072 2014 1143 2056 cum

87 2092 197 2164 quibus
223 2093 367 2163 disputas.
409 2091 492 2164 Quid
520 2095 633 2162 refert,
659 2094 740 2148 domi
769 2095 891 2162 sedeas,
924 2094 1084 2165 triumphis
1111 2101 1143 2150 et

87 2187 211 2242 coronis
234 2197 264 2242 te
284 2187 413 2250 obruas,
435 2187 472 2241 de
492 2188 583 2243 larvis
602 2205 617 2242 a
637 2197 669 2243 ts
686 2187 763 2243 fictis
783 2197 810 2243 et
828 2189 928 2244 victis.

155 2281 222 2336 Hoc
244 2282 345 2351 potius
364 2280 592 2353 disputabatur,
611 2300 649 2338 an
670 2282 800 2338 liberum
820 2282 975 2338 arbitrium
996 2288 1061 2337 aute
1076 2296 1144 2351 gra.

85 2375 164 2429 tiam,
182 2391 242 2430 non
264 2375 363 2430 solnm
383 2391 444 2429 nou
466 2385 655 2445 mereretur,
680 2379 733 2433 sed
752 2379 841 2434 etiam
859 2388 1019 2450 peccaret,
1037 2384 1068 2431 et
1088 2375 1144 2430 iui.

88 2469 192 2538 quitari
211 2470 441 2539 propinquaret,
458 2469 529 2523 dum
547 2472 659 2526 actioni
675 2472 812 2540 intendit,
830 2481 863 2526 ut
876 2469 1038 2527 suntclara
1051 2465 1145 2522 verba

88 2561 298 2614 Carolostadii.
333 2560 410 2634 Qun
427 2563 452 2615 si
475 2562 599 2619 noluisti
622 2565 813 2634 impugnare,
831 2579 887 2617 cur
903 2561 1059 2617 obtulisti?
1078 2573 1145 2627 cur,

88 2655 112 2708 si
132 2653 204 2706 falsa
223 2662 329 2720 erant,
347 2657 550 2710 concessisti?
578 2672 633 2710 cur
652 2672 713 2710 non
729 2655 836 2709 saltem
852 2669 956 2708 coram
976 2650 1144 2717 mutivisti,

34 2768 36 2773 ⁴
87 2755 235 2815 praesente
255 2745 362 2816 puerili
378 2746 431 2800 illo
451 2747 681 2812 Carolostadic,
698 2756 784 2801 tuum
804 2762 865 2800 uon
883 2744 1031 2799 meritorii
1054 2755 1145 2796 vocs.

86 2840 216 2907 bulum,
243 2854 334 2909 quem
358 2838 512 2893 absentem
541 2855 580 2893 ex
599 2839 783 2907 Ingolstadio
804 2838 949 2892 heroicus
970 2847 1001 2892 et
1022 2849 1144 2907 apertus

87 2936 134 2989 vir
154 2937 228 2989 adeo'
245 2934 455 3011 contemsisti?
474 2932 567 2987 Nunc
585 2908 704 2987 demur'n
726 2944 794 2987 nata
815 2941 861 2986 est
879 2931 978 2999 glossa
1000 2940 1066 2996 tua,
1085 2943 1144 2999 qua

87 3028 232 3096 elaberis,
258 3044 348 3097 quam
378 3027 504 3097 Lipsiae,
536 3043 573 3080 nc
599 3026 769 3098 capereris,
802 3025 940 3080 sincerus
966 3033 996 3078 ct
1021 3035 1143 3092 opertus
1207 3078 1211 3089 ,

87 3124 201 3189 homo,
221 3123 313 3178 toties
336 3123 447 3191 petitus
467 3120 609 3177 celabas?

154 3219 237 3272 Uror
258 3233 314 3285 ego
341 3217 481 3285 utrinqne
504 3217 613 3283 nimis,
647 3225 677 3269 et
694 3215 841 3268 miserens
867 3213 906 3267 tui
938 3220 966 3266 et
991 3212 1143 3280 indignans
1183 3275 1185 3279 .

86 3321 141 3366 tuae
166 3312 330 3365 maledictae
357 3310 562 3381 simulationi.⁴
593 3309 708 3365 Desine
736 3319 769 3362 tu
793 3308 951 3361 veritatem
982 3305 1143 3374 theologia

87 3417 237 3477 quaerere:
257 3405 368 3460 abolita
389 3414 434 3459 est
456 3404 529 3459 fides
549 3403 609 3458 tuiz
628 3405 663 3457 ad
683 3402 900 3472 sycophantam
919 3412 1003 3454 tuum
1022 3400 1143 3454 Aristo.

86 3500 190 3557 telem,
210 3499 416 3568 impiissimum
436 3500 515 3551 inter
531 3495 732 3566 philosophos
753 3495 972 3559 simulatorem,
992 3494 1067 3559 redi,
1091 3491 1142 3560 qui

10 3573 11 3578 ἵ
84 3608 237 3664 nunquam
259 3592 288 3647 id
304 3593 400 3648 votuit
421 3590 522 3647 dicere
540 3593 651 3662 videri,
670 3606 736 3663 quae
754 3591 896 3646 dixisset:
924 3586 1070 3657 'magister
1090 3584 1143 3638 bio

140 3909 166 3962 i)
197 3910 223 3956 Δ.
247 3909 473 3966 ηεωὶιιιηςυειηι.

140 3990 173 4034 k>
199 3988 226 4034 rt.
245 3980 406 4034 carlata‘dium
423 3998 446 4034 et
462 3989 590 4034 barborum
604 4001 656 4035 esse
670 3998 720 4034 tam
734 3997 835 4032 erassm.

139 4064 162 4112 li
188 4067 216 4112 A.
231 4065 391 4124 impegerint·
401 4067 602 4125 -dlsputaverint
