2574 4732
109 310 131 378 6
592 307 682 379 tsos.

181 457 252 524 Abii
271 465 391 540 quidem
401 504 412 536 ,
430 465 549 535 fateor,
566 465 628 522 imc
646 481 709 522 non
729 463 807 534 abii,
826 464 879 522 sed
900 464 977 536 apud
993 471 1026 520 ta
1045 466 1161 535 majore

112 578 232 634 semper
251 572 283 616 et
300 561 420 634 potiore
440 562 499 617 mei
519 570 604 636 parta
622 562 746 616 relictus
765 576 851 629 sum,
869 574 1051 634 semperque
1069 561 1161 616 reiin.

112 672 208 730 quar,
238 656 318 728 quud
337 670 393 725 ago
410 655 490 710 baud
510 653 627 710 lucilius
650 663 701 710 aut
721 652 868 712 efficacius
890 669 1063 726 consequar
1082 655 1162 728 apud

111 752 200 807 teitu
220 766 307 819 esse,
325 765 414 822 quam
433 764 474 804 ex
494 747 552 804 lide
566 749 644 812 mei,
664 753 755 820 quam
774 748 817 804 uti
836 748 875 803 de
892 763 942 802 me
964 749 1026 803 tuis
1043 749 1162 807 meritis

113 854 144 900 et
165 843 319 900 beneficiis
341 843 405 899 sola
432 853 481 898 tua
507 842 689 911 benignitate
715 841 901 912 concepisti,
933 841 974 896 ita
999 841 1063 896 sina
1094 857 1164 897 mea

31 956 39 965 ·
112 941 200 1011 culpa
216 939 358 1008 interire,
377 938 424 992 vel
444 939 534 994 etism
552 937 646 992 minui
667 952 728 991 nou
749 935 891 1007 patieris,
906 935 985 991 sicut
1008 951 1162 1008 nunquam

111 1048 218 1105 passus
246 1033 338 1088 fuisti.
372 1031 478 1101 Itaque
500 1030 612 1086 recessi
637 1037 705 1085 ute
733 1029 851 1098 lougius
880 1044 1032 1101 corpore,
1059 1042 1162 1085 menta

113 1138 212 1183 sutem
232 1127 356 1198 propius
379 1125 515 1194 secessi,
532 1123 625 1180 modo
646 1133 681 1179 tu
702 1138 763 1179 non
790 1122 885 1190 nolis,
905 1122 985 1180 sicut
1006 1139 1045 1178 ue
1064 1124 1162 1182 nolles

28 1292 32 1297 ³
113 1223 233 1294 quidem
253 1228 281 1272 te
299 1218 380 1273 nulia
391 1256 402 1285 ,
428 1217 484 1273 nisi
502 1233 551 1272 me
569 1232 639 1288 spes
656 1233 724 1277 men
745 1216 835 1272 saliat.

178 1313 220 1371 Et
237 1320 272 1366 ut
284 1311 319 1366 sd
332 1327 398 1366 rem
410 1311 540 1380 venium,
557 1327 594 1366 ue
606 1318 690 1365 tuum
708 1309 886 1367 charitatem
902 1312 1025 1381 diutius,
1043 1313 1081 1368 da
1092 1328 1163 1370 mea

111 1408 168 1464 fids
192 1405 395 1473 dubitantem,
424 1405 569 1478 suspicari
595 1390 724 1474 cogerer
751 1400 866 1476 (atque
892 1405 1005 1460 utinam
1026 1406 1160 1478 suspicio

111 1500 278 1559 secundum
297 1509 434 1556 naturam
457 1514 542 1554 suam
568 1499 608 1556 sit
634 1499 773 1572 proxima
794 1499 917 1567 falso),
943 1515 1016 1555 ecce
1042 1515 1160 1573 quaqua

17 1589 19 1593 ’
111 1595 197 1669 potui
219 1594 361 1649 violentia
385 1594 421 1648 de
446 1601 494 1648 tot
518 1603 639 1665 tumque
665 1592 755 1649 variis
781 1588 910 1661 negotiis
940 1594 1015 1649 meis
1044 1593 1161 1650 furatus

113 1706 181 1745 sum
203 1689 380 1759 particulam
404 1689 571 1761 temporis,
598 1703 656 1760 qua
676 1687 732 1747 has
749 1687 786 1742 sd
805 1697 835 1743 te
857 1685 1023 1742 scriberem
1041 1686 1162 1758 literas,

113 1781 243 1840 maxime
273 1799 343 1837 cum
372 1783 466 1840 nuntii
499 1784 559 1838 ruri
590 1781 664 1838 mibi
693 1781 771 1852 sint,
801 1788 910 1852 etque,
937 1780 962 1835 si
986 1778 1160 1850 frequentes

112 1885 236 1945 esseut,
264 1890 304 1931 ex
333 1876 498 1945 ignorantia
523 1886 555 1931 et
574 1876 770 1931 distractione
792 1877 852 1934 rari
872 1873 988 1930 fierent.
1024 1874 1066 1930 Et
1088 1877 1160 1948 quid

113 1971 192 2026 aliud
210 1970 257 2025 bis
277 1970 371 2025 literis
392 1979 479 2041 putas
501 1984 551 2023 me
570 1969 741 2038 postulare,
770 1969 827 2025 nisi
849 1977 883 2023 ut
900 1985 949 2024 me
967 1972 1159 2026 commenda.

111 2074 177 2120 tum
193 2065 233 2119 ita
249 2072 360 2132 teneas,
379 2073 413 2117 ut
428 2062 599 2134 suscepisti,
618 2073 707 2134 atque
722 2063 759 2117 de
774 2078 823 2116 me
839 2062 869 2117 id
883 2078 1058 2133 praesumas,
1076 2065 1159 2136 quod

111 2175 161 2212 me
183 2161 268 2212 dete
296 2157 389 2211 velles
415 2171 606 2227 praesumere.
643 2154 730 2210 Licet
753 2155 782 2209 in
809 2154 898 2209 nullis
925 2154 980 2210 tibi
1008 2170 1062 2226 par
1092 2173 1160 2213 esse

111 2251 225 2324 possim
252 2258 302 2305 sut
323 2249 432 2317 velim,
461 2267 526 2325 quae
545 2249 625 2304 bona
641 2257 731 2317 sunt,
756 2257 857 2301 tamen
871 2262 996 2316 magnus
1015 2256 1061 2302 est
1082 2249 1112 2303 iu
1128 2259 1160 2304 te

112 2346 227 2400 animus
248 2359 354 2412 meus,
375 2333 501 2415 ‘quando
521 2342 596 2399 nibil
614 2342 692 2398 aliud
709 2340 831 2412 habeo,
856 2340 940 2396 illum
967 2340 1072 2396 saitem
1095 2357 1159 2399 non

107 2438 170 2509 jam
186 2438 283 2506 dedo,
309 2438 362 2492 sed
382 2437 454 2492 olim
475 2437 581 2508 saepius
599 2435 733 2491 deditum
752 2435 908 2507 proprium
931 2435 1011 2490 dico.
1046 2434 1157 2507 Neque

110 2541 158 2591 est
179 2532 357 2605 quicquam,
385 2533 467 2604 quod
489 2521 656 2601 generosus
673 2540 743 2588 tuus
767 2529 891 2604 spiritus
910 2545 926 2584 ι
944 2545 993 2587 me
1016 2539 1161 2602 expectet

112 2623 241 2694 (scic),
268 2642 358 2698 quarn
377 2642 443 2700 quse
463 2635 534 2683 aunt
560 2625 700 2699 spiritus,
726 2625 846 2692 idest,
875 2640 970 2682 unum
998 2640 1103 2700 cepere
1128 2627 1160 2685 in

111 2719 268 2790 Domino,
293 2728 323 2776 ct
340 2736 396 2775 cor
415 2735 508 2776 unum
531 2728 561 2775 et
580 2720 676 2778 anim
698 2735 756 2774 una
771 2719 828 2787 sit,
859 2719 939 2776 sicut
956 2735 1015 2778 uua
1035 2719 1109 2779 fides
1129 2721 1161 2779 in

111 2813 259 2872 Domino.
777 2816 784 2826 ‘

135 2947 145 2956 .
182 2909 274 2991 Quod
293 2918 394 2965 sutem
411 2909 451 2966 ite
472 2909 583 2965 recessi
606 2910 716 2965 tacitus
734 2907 810 2977 tibi,
836 2925 896 2964 non
913 2909 1044 2967 mireris.
1080 2910 1159 2985 Tum

113 3004 192 3060 edim
215 3005 272 3059 fuit
287 3003 461 3059 subitaneus
479 3019 565 3058 maus
587 3002 763 3071 abscessus,
780 3010 814 3056 ιιι
834 3017 1015 3074 penemeos
1035 3000 1161 3061 familia.

110 3114 160 3153 res
177 3097 296 3153 lateret.
333 3098 440 3164 Volui,
467 3099 520 3152 sed
541 3112 603 3151 nen
624 3096 709 3167 potui
726 3111 781 3167 per
803 3097 949 3168 temporis
977 3107 1008 3152 et
1031 3099 1085 3155 otii
1108 3117 1162 3173 pe.

67 3234 79 3247 ,
110 3191 229 3249 nuriam
252 3191 288 3246 ad
308 3199 339 3245 te
362 3191 519 3258 seribere,
537 3187 620 3245 dolui
640 3196 759 3258 autem,
777 3188 839 3245 boc
866 3190 946 3246 enim
970 3193 1074 3264 potui,
1092 3195 1162 3266 quia

110 3295 141 3342 te
160 3284 318 3342 insalutato
341 3283 520 3355 abrumpere
539 3281 671 3351 cogebar
691 3292 827 3355 repente.
863 3282 934 3340 bum
952 3285 1053 3359 itsque
1077 3304 1161 3348 nune

105 3376 233 3451 jubente
252 3377 301 3432 vel
323 3376 515 3450 permittente
531 3374 602 3434 Deo
617 3375 859 3447 Wittembergas.
886 3378 1023 3454 Quodsi
1045 3390 1158 3440 statum

109 3488 212 3530 meum
239 3486 330 3528 nusae
356 3470 528 3553 desideres,
551 3472 631 3527 bena
653 3471 754 3528 babeo
778 3472 839 3529 Dei
861 3471 975 3543 gratis,
1000 3474 1059 3532 nisi
1075 3479 1159 3548 quud

109 3566 277 3644 violentum
292 3574 338 3622 est
359 3548 660 3634 studium,‘msxime
684 3565 902 3640 philosophie,
929 3584 1018 3639 quam
1040 3586 1096 3640 ego
1119 3571 1158 3627 ab

109 3660 193 3720 initio
211 3658 408 3716 libentissime
426 3659 567 3716 mutarim
591 3659 765 3731 theologia,
793 3675 828 3716 ea
847 3660 968 3733 inquam
991 3661 1159 3738 theologis,

110 3770 175 3834 quas
195 3754 336 3812 nucleum
360 3754 447 3811 nucis
466 3762 496 3810 et
516 3752 676 3830 medullam
693 3755 787 3811 tritici
807 3760 837 3809 et
857 3755 1019 3812 medullam
1042 3758 1159 3817 casium

110 3858 273 3907 scrutatur.
313 3849 371 3904 Sed
394 3848 480 3906 Deus
507 3856 553 3906 eat
576 3847 681 3919 Deus3
711 3850 806 3905 homo
829 3864 906 3922 sapa
918 3887 929 3919 ,
955 3850 1017 3907 imo
1039 3867 1161 3926 semper

110 3944 221 4002 fallitur
237 3944 267 3999 in
285 3959 342 4000 suo
359 3943 487 4014 judicio.
522 3943 578 4002 ilic
596 3953 643 4002 eat
663 3943 751 4027 Deus
769 3952 893 4014 noster,
913 3944 980 4020 ipae
1000 3958 1085 4019 reget
1101 3963 1160 4009 nus

110 4041 141 4097 in
159 4039 305 4100 suavitate
325 4046 356 4096 et
374 4039 405 4096 in
422 4037 533 4099 secula.
