2574 4732
559 306 647 371 1518.
1064 308 1122 369 18³

80 465 206 519 fratrem
232 459 399 519 Martinam
436 462 509 517 nihil
540 463 656 529 egisse,
687 460 742 514 nisi
772 459 963 532 disputasse?
990 461 1120 533 ideoque

82 568 188 615 contra
220 574 289 613 eum
318 567 420 612 motos
445 557 536 610 fuisse
562 556 626 625 ejus
654 555 868 623 adversarios,
901 557 1124 628 ipsumquemet

81 651 364 707 reverendissimum
385 650 552 705 Dominum
580 648 724 717 Legatum
745 650 782 709 {et
807 664 868 702 uon
894 646 951 705 uisi
980 650 1123 708 insidiosa

81 744 261 801 calumniam
276 754 306 799 et
322 745 460 814 injuriam
477 743 503 798 ei
519 743 641 800 molitos
662 742 772 798 suisset
789 741 869 797 Nam
886 758 975 812 super
992 745 1124 816 disputa.

81 838 164 893 tione
187 839 243 892 fuit
264 839 395 904 citatus,
415 854 475 892 non
495 853 585 908 super
607 835 817 894 sermonibus:
849 850 941 906 super
967 851 1123 895 sermones

82 933 179 1001 enim,
206 942 366 1004 postquam
389 932 486 986 suerat
512 933 637 1000 citatus,
664 929 824 986 t'acti'sunt
843 929 1000 987 certiores.
1034 928 1122 1004 Quos

83 1042 140 1094 ego
161 1025 278 1080 facilius
297 1025 453 1080 defendam
469 1021 558 1091 (Deo
575 1023 725 1096 propitio)
746 1039 835 1095 quam
856 1022 934 1092 ipsas
949 1022 1124 1093 disputatio.

81 1135 149 1176 nes.
182 1119 262 1175 Nam
284 1119 334 1174 hic
355 1119 447 1174 multa
467 1118 600 1191 dubitavi
621 1128 651 1181 et
669 1117 820 1185 ignoravi:
840 1115 901 1171 illio
920 1115 1039 1170 locutus
1057 1132 1125 1173 sum

83 1228 125 1268 ex
139 1223 223 1268 certa
238 1215 380 1281 scicntia,
397 1222 428 1267 et
444 1230 505 1268 non
525 1229 563 1268 ex
581 1209 784 1291 opinionibus.
1025 1198 1033 1207 ’

152 1307 244 1364 Nunc
261 1309 323 1363 hoc
343 1309 515 1374 videamus,
534 1307 616 1378 quod
634 1323 687 1372 ea,
706 1312 769 1376 quaa
791 1306 821 1361 in
837 1302 1030 1360 sermonibus
1048 1303 1126 1372 dixi,

82 1402 192 1475 partim
208 1401 400 1469 damnabilia,
418 1403 525 1471 partim
539 1410 645 1455 contra
659 1399 827 1453 doctrinam
844 1397 1028 1469 Apostolicac
1040 1397 1126 1453 Sedis

83 1495 212 1562 asserit,
244 1494 311 1566 quia
336 1494 454 1550 scilicet
471 1494 497 1549 ei
518 1494 596 1548 aliud
618 1501 686 1561 est,
709 1509 775 1548 esse
794 1492 982 1559 damnabile,
1000 1501 1031 1545 et
1046 1491 1126 1547 alind

83 1604 150 1644 esse
169 1597 275 1645 contra
290 1589 460 1643 doctrinam
476 1587 659 1659 Apostolicaa
678 1585 775 1641 Sedis:
802 1586 884 1639 forte
906 1586 988 1656 quod
1008 1584 1128 1639 damna.

84 1680 153 1738 bilis
167 1699 228 1738 non
243 1690 304 1749 est,
323 1683 373 1754 qui
388 1691 494 1735 contra
507 1680 677 1735 doctrinam
689 1678 773 1733 Sedis
787 1678 1127 1748 Apostolicaeloq1=³tnr.

82 1775 131 1829 Ac
145 1776 189 1830 sic
207 1777 316 1830 iterum
333 1773 491 1846 absolvor,
511 1778 542 1827 et
554 1770 725 1841 justificor,
753 1772 848 1842 quiin
869 1771 929 1826 hoc
949 1774 1078 1827 maxime
1097 1783 1128 1828 et

82 1869 183 1925 solum
197 1878 355 1922 accusatus
369 1882 436 1920 sum
452 1875 483 1920 et
499 1866 625 1932 citatus,
644 1865 725 1935 quod
742 1874 849 1921 contra
869 1865 1037 1920 doctrinam
1045 1867 1128 1922 Sedis

82 1962 269 2031 Apostolicae
286 1961 395 2014 fuerim
415 1959 555 2029 locutus,
571 1959 602 2014 id
621 1968 686 2027 est,
704 1975 765 2015 non
784 1956 1008 2028 damnabiliter,
1026 1960 1128 2016 utlaio

51 2109 55 2117 ,
85 2055 285 2121 distinguitur.
826 2042 830 2053 ¹

154 2146 253 2221 Quam
268 2147 392 2214 vellem,
411 2145 611 2203 illustrissima
628 2146 792 2219 Princeps,
810 2147 889 2202 hanc
912 2147 1069 2220 epistolam
1090 2147 1127 2203 ab

85 2240 185 2314 aliquo
205 2242 349 2297 Silvestre
374 2242 522 2298 Priariatc
544 2242 636 2298 inisse
653 2243 812 2313 scriptam,
837 2250 871 2297 ut
889 2241 1026 2297 libertate
1041 2242 1128 2314 plena

85 2337 192 2405 ingenii
214 2353 280 2391 eam
299 2337 405 2392 liceret
428 2345 601 2392 excutere..
629 2335 829 2391 Ostenderem
850 2336 1010 2406 profecto,
1036 2352 1127 2407 quarn

85 2430 201 2485 difficile
216 2431 270 2497 sit,
287 2432 395 2485 malam
416 2438 446 2484 et
464 2431 613 2485 sinistram
632 2429 845 2484 conscientiam
863 2429 988 2484 dextera
1007 2430 1128 2500 operire

85 2526 204 2595 specie:
230 2532 259 2578 nt
278 2542 358 2578 nunc
381 2524 547 2579 reverentia
569 2523 672 2594 optimi
697 2534 727 2576 et
747 2523 953 2578 humanissimi
973 2523 1028 2576 viri
1046 2524 1129 2591 cogit

14 2653 18 2661 ·
84 2634 133 2671 mc
150 2616 301 2672 bullientis
319 2620 419 2674 cordis
431 2620 488 2673 mai
503 2634 639 2689 premere
650 2628 739 2672 aestus
752 2633 846 2686 usque
861 2618 892 2671 in
905 2617 983 2672 aliud
1000 2626 1129 2684 tempus.

154 2710 210 2764 Sed
230 2710 292 2765 hoc
316 2712 374 2781 pati
398 2728 458 2766 non
484 2727 624 2782 possum,
656 2710 737 2780 quod
767 2724 807 2763 ex
839 2708 1074 2780 prudentissimo
1099 2717 1129 2764 et

85 2803 223 2858 acerrimi
233 2804 338 2873 judicii
357 2805 497 2874 Principe
511 2806 599 2860 nobis
614 2804 761 2874 quendam
776 2804 876 2857 lacere
890 2803 1021 2858 Pilatum
1039 2818 1130 2858 cona-
1162 2793 1164 2797 ¹

35 2918 41 2929 ·
84 2908 144 2951 tur.
178 2895 258 2950 Nam
278 2913 346 2951 cum
361 2896 456 2953 Judaei
477 2897 632 2952 Christum
651 2914 754 2953 coram
771 2896 869 2952 Pilato
888 2896 1077 2963 statuissent,
1100 2906 1131 2951 et

84 2990 259 3057 interrogati
279 2990 422 3058 fuissent,
449 3008 538 3062 quam
562 2992 784 3046 accusationem
800 2990 967 3058 afferrent,
990 2999 1041 3044 aut
1059 2990 1131 3059 quid

85 3085 157 3151 mali
178 3085 300 3138 iecisset
321 3084 415 3139 homo
436 3086 506 3153 illc,
533 3086 692 3153 dixerunt,
710 3085 735 3140 si
752 3101 813 3139 uon
833 3094 914 3140 esset
934 3084 1132 3153 malefactor,

85 3194 145 3231 non
178 3176 232 3232 tibi
267 3178 494 3234 tradidissemus
525 3196 618 3235 eum:
656 3180 695 3232 ita
728 3187 758 3234 et
782 3177 834 3233 hic
861 3179 1129 3235 reverendissimus

85 3270 236 3327 Dominus
246 3267 392 3340 Legatos,
412 3289 480 3327 cum
495 3273 630 3329 Fratrem
642 3272 810 3328 Martinam
823 3271 956 3342 Principi
972 3272 1132 3329 obtulisset

88 3365 189 3420 multis
212 3367 325 3421 odiosis
351 3367 471 3435 verbis,
490 3378 519 3422 et
538 3368 686 3438 Princeps
707 3368 893 3437 interrogare
912 3377 1030 3438 posset:
1059 3369 1131 3439 qnid

86 3458 159 3512 tecit
181 3459 361 3515 fraterculus
388 3461 457 3516 ille?
482 3463 663 3531 respondet:
687 3464 791 3518 credat
810 3463 902 3530 mihi,
929 3462 1130 3518 illustrissime

84 3550 256 3624 Princeps,
284 3554 461 3611 Dominatio
485 3566 602 3625 vestra,
639 3558 708 3628 quia
733 3573 806 3613 vera
836 3558 946 3628 loquor
972 3573 1013 3613 ex
1048 3565 1131 3612 certa

84 3648 225 3714 scientia,
243 3665 303 3703 nou
323 3664 363 3702 ex
380 3650 580 3720 opinionibus.
608 3652 813 3724 Respondebo
831 3669 886 3722 ego
901 3669 957 3723 pro
973 3652 1131 3718 Principe:

81 3740 132 3795 rac
152 3751 184 3795 ut
200 3743 292 3797 sciam
310 3743 387 3797 hanc
403 3761 469 3801 esse
483 3756 598 3801 certam
615 3749 788 3815 scientiam,
806 3758 936 3817 ponatur
952 3747 980 3801 in
998 3745 1131 3814 scriptis,
1217 3806 1220 3811 ¹

85 3834 234 3891 formetur
254 3837 282 3890 in
304 3836 423 3908 literas,
448 3856 509 3893 non
526 3853 665 3895 vereatur
683 3840 838 3913 publicum
860 3851 890 3894 et
911 3841 1030 3892 lucem:
1049 3835 1131 3907 quotl

84 3926 135 3981 ubi
152 3929 264 3984 sactum
277 3931 385 4000 fuerit,
403 3942 476 3987 tunc
492 3935 608 3991 mittam
621 3935 758 3990 Fratrem
772 3935 942 3990 Martinam
959 3935 995 3989 ad
1014 3931 1133 3998 urbem,

85 4021 147 4076 imo
172 4024 235 4094 ipsc
263 4041 332 4079 eum
359 4026 474 4098 capiam
499 4037 528 4082 et
547 4029 738 4083 interficiam:
758 4037 830 4082 tuuc
852 4027 1008 4084 consulam
1023 4024 1134 4082 honori
