2574 4732
176 293 236 363 106
651 274 764 372 ists.¹

168 449 169 452 ’
227 450 279 505 Dm
297 448 562 501 duriiebenl.59.
590 452 713 508 illust
734 453 832 505 lustu.
860 457 918 512 iili·
938 459 997 508 dod.
1017 456 1118 513 Jeme.
1141 457 1159 506 f.
1180 459 1217 507 26.

492 539 591 593 necem
604 540 645 596 dm
659 542 757 594 wald
774 546 830 595 xv.
847 546 897 598 sla

190 690 258 750 nus
274 693 408 772 θεωρία
426 693 599 765 spamus,
619 697 779 757 namnet
798 698 912 757 mun
928 699 961 756 u
980 697 1192 778 imezonem.

621 846 771 908 iesus.

168 969 320 1064 Salutem.
362 1008 506 1067 Venimus
538 1009 659 1091 tnudcru
690 1011 879 1084 Herbipolim
894 1009 933 1085 ²)
963 1012 1027 1091 ipsu
1050 983 1214 1071 Dominics

167 1101 382 1160 Misericordia
402 1103 547 1170 Domini,
564 1104 606 1161 mi
624 1104 782 1176 Spstenue,
802 1106 974 1183 eodemque
991 1107 1110 1186 vesperi
1124 1104 1216 1164 outo.

166 1198 258 1253 limus
275 1199 377 1255 literss
401 1196 593 1254 illustrissimi
617 1196 767 1269 Principis
786 1199 896 1271 nostri.
930 1198 1153 1281 sigimundum
1175 1201 1214 1256 dc

70 1298 74 1307 ’
166 1291 316 1361 'I'hungen
340 1307 402 1346 non
426 1291 620 1349 invenimust
652 1291 757 1348 uberet
781 1293 884 1359 enim,
912 1285 981 1351 nec'
996 1294 1149 1350 rediturus
1168 1291 1215 1350 bi.

166 1384 228 1440 duo
248 1396 298 1440 sut
314 1385 413 1443 triduo
430 1383 597 1445 dicebatur.

230 1478 300 1550 lpse
325 1495 400 1534 nero
426 1478 465 1535 li.
495 1478 647 1537 Dominus
670 1478 842 1553 Episcopus
874 1479 1021 1553 acceptis
1036 1478 1132 1536 literis
1161 1497 1212 1536 me

165 1572 306 1643 vocarit,
332 1583 363 1629 et
383 1573 459 1629 facie
480 1575 516 1630 ed
539 1573 648 1633 faciem
668 1574 790 1636 locutus
807 1573 905 1637 voluit
921 1573 984 1637 suis
1006 1573 1149 1644 expensis
1163 1573 1212 1628 iti.

164 1667 235 1739 dem
249 1668 386 1725 nuntium
402 1669 476 1727 mihi
489 1670 608 1727 sociare
627 1687 683 1744 per
696 1669 777 1727 niem
792 1683 888 1740 usque
908 1666 944 1729 sd
960 1650 1209 1735 Heidelbergnm:

164 1771 194 1817 st
216 1779 294 1834 ego,
318 1780 389 1820 curn
407 1763 460 1820 hic
477 1764 578 1836 plures
600 1763 724 1823 Ordinis
744 1764 803 1820 mei
823 1763 1026 1831 invenissem,
1043 1760 1208 1833 prusertim
1253 1794 1259 1815 ι

161 1855 304 1914 Priorem
322 1857 541 1916 Erfurdcusem
559 1858 733 1917 dohnuuem
753 1856 890 1928 Longum
913 1865 1069 1924 nostrum,
1099 1854 1208 1925 gratiss

162 1950 208 2020 egi
233 1951 470 2008 clementissimo
495 1951 646 2025 Principi,
673 1968 737 2010 uon
752 1951 956 2017 necessarium
971 1960 1071 2018 ratus,
1096 1958 1130 2004 ut
1149 1948 1208 2003 mei

162 2060 253 2100 causo
282 2046 404 2103 nuntius
428 2055 642 2116 occuparetur.
687 2044 767 2103 Volo
789 2046 869 2107 enirn
894 2061 964 2104 curn
988 2044 1045 2100 illis
1077 2043 1209 2110 vectari,

161 2153 232 2192 uum
260 2137 332 2193 satis
362 2139 420 2194 sim
446 2139 545 2193 eundo
567 2138 704 2194 unctus.
742 2137 779 2196 Id
804 2141 904 2197 solum
924 2137 1015 2210 petii,
1035 2137 1208 2207 dignaretur

160 2246 211 2287 me
229 2230 324 2286 literis
342 2229 594 2290 testimonialibus
607 2247 663 2303 pro
684 2229 741 2284 lide
761 2230 820 2300 (ut
839 2230 972 2296 dicitur)
998 2229 1118 2300 publicu
1137 2246 1210 2306 pro.

160 2326 282 2391 uidere,
306 2340 381 2395 quas
399 2324 464 2395 Jsm
483 2323 542 2380 hac
566 2323 643 2379 horu
670 2322 789 2394 accepi:
813 2331 844 2382 et
869 2322 1004 2392 egrediar
1035 2325 1065 2378 in
1095 2316 1205 2389 curru,

159 2418 274 2477 relictis
292 2418 386 2476 literis
407 2416 585 2486 sigismundi
608 2418 645 2477 de
664 2415 833 2488 Thungsn,
850 2417 928 2489 apud
949 2416 1140 2490 Capelianum
1159 2432 1206 2469 re.

160 2512 368 2572 verendissimi
381 2512 519 2570 Domini.

226 2603 342 2664 Nuntio
358 2616 465 2663 nostro
483 2605 606 2662 Urbano
623 2607 648 2663 ui
665 2609 737 2680 quid
751 2607 875 2681 amplius
892 2609 1066 2676 donaretur,
1084 2608 1206 2677 dignum

160 2702 234 2759 mihi
259 2702 424 2760 videretur.
469 2700 584 2763 Nostra
611 2703 691 2758 enim
716 2718 805 2759 causa
831 2703 945 2758 tardius
971 2718 1025 2774 per
1050 2702 1129 2756 viam
1160 2701 1205 2757 ire

160 2807 284 2853 coactus
302 2805 363 2852 est:
393 2795 424 2852 id
445 2797 520 2867 npud
543 2795 739 2852 Hirst‘eldium
758 2807 898 2853 nostrum
920 2810 1063 2864 agerem,
1087 2796 1113 2850 si
1130 2812 1206 2866 prae.

159 2907 229 2946 sens
253 2906 362 2947 essem.
409 2890 459 2946 Sic
476 2891 558 2946 enim
577 2900 711 2947 meretur
728 2889 861 2948 hominis
884 2889 958 2947 fides
976 2897 1007 2944 et
1032 2889 1205 2958 integritasr

158 2991 190 3039 et
213 2993 248 3039 tu
270 3000 391 3055 quoque
411 2985 600 3041 intercessor
618 2995 703 3042 estut
726 3002 784 3056 ego
803 3000 1000 3056 propensum
1021 2994 1051 3040 et
1070 2999 1136 3041 esse
1154 2984 1207 3040 de.

155 3076 236 3146 beo,
263 3093 370 3149 parum
395 3079 421 3132 ei
447 3078 550 3133 tribui.
594 3078 667 3149 Spes
692 3079 881 3135 Francorum
908 3087 954 3135 est
980 3093 1072 3149 super
1101 3079 1204 3133 futuro

157 3171 218 3226 nini
239 3171 435 3227 incremento.
480 3171 524 3226 lta
542 3173 622 3228 enim
638 3172 771 3253 divinant
794 3187 834 3226 ex
847 3170 923 3226 Maii
946 3171 1031 3227 istius
1053 3173 1205 3243 prosperi.

157 3272 232 3319 tate.
267 3263 348 3321 Vale.
394 3263 655 3322 Exmonasterio
674 3275 782 3321 nostro
804 3264 1050 3335 wirzburgensi,
1079 3265 1152 3323 feria
1176 3269 1203 3320 2.

155 3368 227 3431 post
248 3356 462 3415 Misericordia
479 3358 625 3432 Domini,
643 3376 723 3417 anno
739 3357 922 3425 Mnxvln.

658 3452 693 3511 F.
711 3451 867 3513 Martinus
883 3452 1057 3522 Lutherus,
1077 3455 1202 3524 August.
1223 3456 1226 3464 '

206 3707 238 3758 a>
263 3705 336 3754 eod.
357 3705 371 3760 J
379 3717 423 3754 eu.
445 3704 473 3754 in
487 3705 681 3765 winburnan

532 3909 830 3936 ,an—*nm-
