2574 4732
110 308 150 380 88
585 302 675 407 11518..

53 445 56 455 ’
109 459 227 518 Erssmi
252 458 424 531 judicium,
453 456 582 523 videbor
605 458 737 531 iniquior
765 467 796 514 et
823 459 996 530 suspectior
1030 458 1163 528 arbiter,

111 553 230 626 quando
251 554 300 608 iile
320 553 430 608 dixerit
445 551 483 619 b)
501 553 792 627 impudentissimum
813 569 897 615 esse,
914 554 940 610 si
959 554 1162 625 Augustinum

111 647 299 718 Hieronymo
329 648 395 718 quis
423 647 656 721 comparaverit.
705 646 825 703 Deinde
855 649 984 721 eliorum
1008 649 1065 705 siin
1092 655 1165 714 sunt

106 741 229 814 judicis.
266 740 331 810 Ego
352 756 406 812 pro
428 723 603 815 paupertate
622 752 653 796 et
670 742 846 815 eruditionis
867 752 898 798 et
916 742 1024 813 ingenii
1043 742 1080 798 de
1097 751 1164 811 ιιιι.

110 835 151 890 tis
176 835 267 890 rebus
295 821 374 889 inter
397 828 497 891 tantos
518 836 638 915 judices
667 836 741 900 nihii
771 837 866 894 susim
897 847 1041 907 statuere.
1093 833 1161 905 Ego

114 929 241 1000 denique
266 932 342 1007 apud
371 945 425 995 eos
454 930 505 1008 (id
534 940 582 983 est
607 933 758 996 omnes),
784 932 835 1000 qui
863 931 957 987 bouss
987 931 1089 987 literas
1113 928 1163 985 vei

116 1026 245 1078 oderunt
263 1020 363 1078 stridio
373 1063 383 1090 ,
401 1023 605 1079 reinesciunt
627 1025 762 1101 ignavi&
776 1024 938 1088 Erasmum
956 1026 1082 1082 nummis
1100 1023 1163 1090 ism

116 1117 203 1192 dibus
222 1133 342 1188 semper
364 1116 474 1182 effero,
502 1128 593 1196 etque
618 1127 708 1171 tueor
728 1119 826 1187 quoad
848 1135 989 1190 possum,
1020 1117 1101 1175 omui
1120 1118 1165 1172 in.

117 1212 230 1266 dustria
248 1225 369 1275 cavens,
391 1225 428 1262 ne
451 1225 590 1263 evomam
608 1225 660 1275 eu,
679 1209 707 1263 in
728 1210 838 1280 quibus
857 1213 1021 1281 dissentio,
1039 1229 1076 1267 ne
1098 1227 1165 1277 mes

117 1320 241 1376 quoquo
257 1318 334 1356 voce
348 1318 431 1357 suum
450 1302 591 1356 invidiam
610 1302 639 1356 in
657 1302 740 1358 iilum
758 1303 946 1360 confirment·
982 1305 1165 1376 Quanquam

115 1399 233 1472 suntc)
260 1412 349 1467 quem
381 1398 474 1450 muita
500 1397 529 1448 in
548 1394 691 1475 Erssmo,
721 1413 786 1469 quse
807 1396 881 1452 mihi
904 1399 938 1452 sd
960 1400 1166 1466 cognitionem

117 1489 230 1545 Christi
251 1492 338 1556 longe
358 1492 450 1560 aliens
470 1476 643 1560 videantur.
669 1491 694 1545 si
714 1472 831 1559 tarsen,
851 1499 884 1546 ut
904 1491 1083 1559 theologus,
1101 1509 1165 1546 uon

117 1593 152 1651 ut
174 1587 385 1657 grsrnmnticus
410 1586 492 1656 ioqui
519 1585 635 1646 debeo:
661 1585 793 1655 uiioquin
815 1585 888 1639 nihii
908 1585 1072 1650 eruditius,
1089 1583 1165 1639 nihil

118 1680 302 1747 ingeniosius
321 1680 429 1749 viderit
447 1681 494 1734 vel
514 1682 576 1751 ipse
595 1662 813 1748 Hieronymus,
830 1687 915 1734 tanto
930 1679 1105 1752 predicatus
1126 1677 1164 1730 ab

117 1771 247 1828 Erusmo
271 1774 433 1845 praeconio.
469 1775 570 1844 Atque
595 1773 657 1829 hoc
676 1787 777 1826 meum
798 1775 835 1841 de
855 1770 984 1827 Erusmo
998 1771 1165 1845 judicium,

119 1865 145 1920 si
169 1867 253 1920 alteri
278 1867 387 1922 feceris
408 1856 547 1934 notum‚'
565 1876 629 1921 tum
648 1867 725 1922 scius
742 1852 875 1921 amicitiae
891 1876 959 1937 jure
979 1875 1010 1934 te
1025 1866 1166 1926 violasse.

119 1957 192 2014 Non
212 1960 388 2030 imprudens
406 1973 576 2016 remoneo.
610 1960 703 2015 Multi
725 1969 795 2014 sunt
815 1960 974 2026 (nescis)
1001 1949 1082 2014 omui
1104 1968 1168 2014 stu.

121 2054 172 2108 dio
189 2055 383 2109 occasionem
399 2035 567 2124 quaerentes
581 2055 617 2108 sd
636 2054 812 2107 calumniam
827 2052 916 2109 bonis
932 2054 1038 2109 literis.
1064 2054 1169 2108 Secre.

121 2153 185 2199 tum
204 2146 304 2217 iisque
322 2147 376 2201 tibi
390 2148 446 2214 sit,
466 2149 547 2218 quod
566 2148 643 2201 dixi:
670 2146 732 2200 imo
750 2145 823 2199 mihi
843 2162 906 2207 nou
925 2147 1049 2209 credas,
1069 2148 1168 2202 donec

120 2239 185 2308 ipse
199 2229 238 2308 d)
265 2238 440 2309 probaveris
464 2240 609 2309 legendo:
635 2239 660 2292 si
680 2250 777 2293 temen
808 2237 856 2291 vsi
879 2253 980 2292 meum
1001 2247 1168 2310 extorques

121 2332 211 2387 studii
231 2328 419 2402 insiitutum,
442 2334 517 2388 nihil
544 2346 573 2388 te
600 2322 685 2403 piens
708 2318 835 2400 crinito,
873 2340 908 2385 ut
936 2332 1167 2398 amicissimum,

123 2425 163 2479 ita
183 2435 282 2480 tamen
301 2436 333 2481 ut
354 2443 484 2481 menon
500 2426 556 2481 nisi
566 2425 681 2495 judicio
701 2426 844 2497 sequaris.

190 2519 345 2587 Primum,
371 2522 400 2577 id
427 2522 629 2577 certissimum
652 2529 718 2589 est,
746 2534 846 2574 sacras
867 2519 969 2590 literas
995 2536 1056 2575 non
1078 2535 1169 2591 posse

123 2614 173 2679 vel
191 2616 291 2683 studio
310 2616 358 2669 vei
374 2615 491 2684 ingenio
513 2615 673 2684 penetrari,
709 2614 781 2669 ideo
800 2610 930 2685 primum
949 2614 1079 2669 officium
1100 2624 1146 2685 est
1157 2654 1172 2685 ,Α

124 2719 158 2762 ut
180 2708 216 2761 ab
236 2709 373 2764 oratione
391 2710 535 2780 incipias,
565 2709 615 2763 tali
638 2708 779 2763 videiicet
798 2723 857 2779 qus
876 2723 966 2776 ores,
993 2709 1018 2764 si
1034 2709 1170 2765 Domino

124 2803 288 2871 placuerit,
307 2813 408 2874 perte
427 2804 536 2876 aliquid
556 2803 619 2858 fieri
638 2805 668 2858 iu
685 2803 811 2873 glorium
829 2818 930 2869 suam,
948 2820 1010 2858 uon
1031 2803 1061 2858 in
1078 2812 1171 2881 tunm,

124 2898 229 2952 nonin
245 2898 333 2954 uilius
353 2899 507 2966 hominis,
526 2898 579 2977 tibi
600 2900 748 2954 concedet
765 2897 1049 2956 misericordissime
1064 2912 1171 2951 verum

125 3005 251 3045 suornm
272 2992 437 3048 verborum
456 2993 652 3051 intellectum.
695 2992 803 3047 Nullus
827 2992 907 3046 enim
931 3000 977 3054 est
1000 2978 1172 3059 divinorum

126 3084 290 3152 verborum
316 3087 481 3155 magister,
518 3096 626 3157 practer
648 3088 809 3156 ipsummet
831 3084 917 3140 verbi
942 3085 988 3140 sui
1013 3095 1173 3153 autorem,

125 3179 204 3231 sicut
224 3178 311 3235 dicit:
342 3185 547 3235 vrirrtomnes
564 3177 704 3233 docibiles
720 3176 791 3233 Dei.
826 3176 921 3246 igitur
939 3179 976 3232 de
996 3187 1049 3233 tuo
1069 3180 1171 3234 studio

126 3271 268 3342 desperes
283 3283 405 3343 oportet
427 3274 569 3340 omnino,
588 3271 720 3329 simulet
738 3270 877 3339 ingenio:
903 3270 973 3326 Deo
992 3280 1093 3327 sutem
1118 3272 1175 3328 soli

128 3365 261 3420 confidas
281 3380 310 3421 et
329 3360 452 3422 influxui
475 3367 602 3440 Spiritus
620 3364 665 3434 e).
688 3364 827 3435 Experto
848 3364 937 3420 crede
951 3366 1019 3421 ists.
1054 3367 1174 3425 Deinde

126 3462 238 3514 statiua
258 3456 361 3514 humili
387 3453 614 3532 desperatione,
642 3458 769 3514 Bibliem
792 3457 829 3533 ab
854 3458 940 3513 initio
961 3444 1053 3529 legas
1067 3460 1174 3514 ordine

95 3607 97 3616 ,
127 3569 223 3625 usque
252 3556 281 3609 in
311 3554 421 3622 finem,
462 3546 497 3610 ιιιΙ
521 3554 687 3625 simplicem
712 3552 812 3626 primo
837 3551 997 3610 historiam
1025 3551 1172 3609 memoria

181 3808 215 3864 it)
243 3808 395 3861 Codien.
419 3808 492 3856 dixit.
539 3811 542 3817 '

183 3893 212 3939 c)
240 3889 302 3934 cod
332 3888 355 3940 J.
376 3888 433 3935 sint.
534 3899 536 3905 ·

183 3968 214 4017 d)
244 3967 349 4014 durii.
368 3966 444 4023 ipsos.

184 4050 212 4094 e)
241 4046 313 4093 eon.
332 4042 348 4098 J
355 4059 398 4092 en.
416 4050 445 4093 de
460 4047 513 4094 solu
527 4059 584 4094 vern
602 4045 706 4097 tunfldss
720 4045 813 4097 influxu
828 4048 937 4114 spiritus,-
