2574 4732
550 310 643 377 tsts..
1001 306 1006 317 ’
1061 310 1121 379 tls

69 473 149 531 riam
162 484 239 545 pens
255 465 488 540 defecerrm²)‚
505 465 614 525 hausto
628 466 806 539 nescioquo
821 467 904 538 gravi
921 466 1117 530 incommodo

68 567 241 636 stomachi,
259 566 312 622 sed
329 565 454 621 revalui.
489 563 587 619 Hodie
603 562 712 618 tertius
729 561 793 617 dles
811 571 859 619 est
876 563 1038 630 adrentus,
1059 582 1117 623 uec

66 662 141 718 dnm
162 661 224 717 vidi
243 657 526 737 reverendissimum
546 655 715 712 Dominum
733 654 897 725 Lepetums
923 658 990 715 misi
1015 670 1117 717 tumen

66 754 168 827 primo
187 751 286 811 statim
304 751 352 806 die
370 750 542 806 Doctorem
559 748 775 804 wenceslaum
792 759 823 804 et
848 749 959 821 alium,
984 754 1035 825 qui
1061 770 1116 811 me

65 848 172 905 edens
194 845 375 901 nuntiarent.
421 844 548 899 Interim
573 842 649 898 mihi
667 841 786 913 publice
810 842 907 913 fides,
932 860 987 901 seu
1015 846 1115 907 salvus

66 938 238 997 'conductus
262 937 299 993 ab
325 936 513 993 amicissimis
530 944 654 1009 peretur
671 938 747 1007 apud
767 936 959 995 Caesareuuos
978 947 1009 996 et
1026 939 1115 997 Sene.

63 1040 140 1088 tum.
176 1032 292 1089 Omnes
314 1042 384 1088 sunt
408 1032 564 1103 spontanei
590 1040 622 1086 et
648 1029 824 1102 obsequiosi
842 1031 872 1087 in
896 1047 966 1101 me,
992 1032 1113 1090 nomine

63 1125 258 1183 illustrissimi
276 1124 425 1196 Principis
443 1125 550 1181 nostri.

133 1218 222 1274 Licet
229 1219 307 1274 enim
316 1208 480 1274 cerdinslis
489 1218 552 1290 ipse
566 1218 834 1276 reverendissimus
846 1218 977 1290 Legatos
990 1236 1114 1281 emnem

64 1312 255 1369 elementiam
268 1312 444 1383 promittat,
463 1311 571 1369 nolunt
588 1320 688 1370 temen
706 1314 793 1369 smici
806 1315 842 1381 b)
861 1315 1060 1385 permittere,
1078 1325 1113 1373 nt

63 1407 247 1477 sinpliciter.
263 1404 306 1461 illi
326 1405 494 1461 conlidens:
524 1406 600 1463 adeo
625 1417 733 1463 curent
760 1423 825 1464 rem
844 1417 876 1464 et
892 1409 1056 1481 prudenter
1081 1419 1113 1467 et

63 1502 232 1571 diligenter.
275 1499 377 1555 Sciunt
399 1499 479 1554 enim
504 1513 571 1554 esse
595 1515 665 1555 eum
688 1501 719 1556 in
737 1517 786 1556 me
808 1502 1109 1560 exacerbatissimum

63 1597 160 1662 intus,
187 1593 328 1666 quicquid
346 1592 466 1648 simulet
489 1592 588 1648 forise
611 1595 693 1664 quod
711 1602 741 1648 et
759 1610 816 1663 ego
834 1595 967 1652 intellexi
986 1597 1107 1654 aliunde

61 1704 124 1745 non
141 1687 281 1745 obscure.

128 1779 225 1837 Hodie
250 1787 351 1833 sutem
374 1777 497 1835 omniuo
524 1778 682 1846 accedam,
708 1788 740 1835 et
762 1780 894 1851 primum
924 1782 1109 1855 colloquium

60 1882 91 1929 et
108 1879 308 1942 conspectum
325 1879 443 1943 petam:
464 1872 536 1943 quid
555 1872 690 1927 futurum
707 1874 763 1943 sit,
780 1875 895 1930 nescio.
930 1876 1006 1932 Aliis
1024 1877 1108 1933 vide.

58 1976 110 2022 tur
127 1966 158 2021 iu
175 1981 241 2021 rem
258 1979 358 2019 meam
376 1980 461 2033 esse,
494 1968 576 2037 quod
594 1966 700 2022 absens
718 1976 764 2024 est
783 1967 947 2025 Gurdinslis
967 1967 1108 2026 Gnrcen.

56 2059 120 2124 sis,
140 2057 203 2112 aliis
224 2072 363 2128 quoque,
389 2058 470 2130 quod
488 2059 595 2116 absens
612 2070 659 2116 est
675 2069 706 2117 et
718 2052 786 2133 ‘ipse
806 2060 916 2118 Cesar.
950 2062 1032 2119 Nem
1053 2065 1107 2120 hic

56 2168 119 2208 non
138 2150 227 2220 longe
245 2150 346 2220 abest,
371 2153 505 2223 quotidie
524 2151 750 2224 expectaturi)
770 2156 898 2211 reverti:
926 2165 958 2212 et
974 2155 1105 2229 Episco.

56 2262 112 2316 pus
139 2246 337 2314 Augustensis
361 2245 447 2303 sbest
471 2247 509 2302 sb
534 2248 620 2304 urbe.
666 2247 782 2304 cenavi
809 2248 874 2305 heri
893 2249 969 2321 apud
989 2250 1105 2306 Conra.

56 2340 127 2395 dum
152 2338 349 2410 Peuttinger,
376 2339 567 2409 Ductorem,
597 2351 629 2396 et
652 2342 751 2399 civem
776 2351 806 2397 et
833 2344 950 2411 virum,
985 2345 1105 2415 quelsm

55 2435 160 2490 melius
179 2434 275 2490 nosti:
295 2435 345 2505 qui
363 2450 440 2490 nnus
453 2435 588 2491 omnium
604 2445 651 2491 est
669 2436 698 2490 in
715 2451 782 2489 mea
800 2451 834 2491 re
852 2438 1106 2506 studiosissimus,

55 2543 110 2582 nec
128 2527 249 2596 segnius
267 2537 421 2584 senatores
440 2529 509 2597 slii;
541 2539 630 2601 utque
649 2530 753 2586 nescio
772 2545 810 2583 en
829 2530 1104 2587 reverendissimus

53 2620 204 2679 Dominus
221 2619 352 2690 Legatus
370 2639 419 2678 me
438 2625 557 2690 timent,
585 2621 633 2678 vel
652 2632 823 2678 monstrum
843 2623 912 2678 alst.
1019 2674 1026 2683 ,

119 2716 192 2772 lleri
211 2715 247 2771 td
265 2732 314 2770 me
332 2716 415 2771 misit
432 2726 538 2771 orator
553 2714 795 2782 Montislerreti,
813 2725 846 2770 ut
864 2728 902 2769 ne
922 2715 1101 2772 secederent
1187 2751 1196 2769 .

53 2809 219 2879 Legetum,
245 2810 302 2864 nisi
319 2810 403 2881 prius
421 2824 542 2865 mecum
560 2807 617 2864 sibi
635 2808 741 2867 fnisset
759 2808 996 2863 interlocutumt
1020 2809 1104 2865 venit

50 2904 145 2962 homo
169 2900 326 2971 (omnium
347 2902 486 2972 judicio)
512 2901 695 2957 subornatus
719 2910 751 2955 et
769 2917 786 2955 s
805 2899 917 2970 Legeto
936 2902 1102 2959 instructus

51 3007 82 3054 et
97 2997 200 3053 multis
219 2995 321 3052 verbis
338 2995 561 3066 sanissimisque
578 2994 694 3061 (nteit)
714 2995 849 3051 consiliis
866 3010 987 3049 mecum
1005 2996 1103 3051 omni.

48 3106 88 3145 nu
106 3090 193 3159 egit,
222 3100 256 3144 ut
283 3089 459 3160 simpliciter
483 3088 599 3157 Legsto
626 3090 849 3157 consentirem,
877 3090 912 3143 sd
930 3088 1101 3146 Ecclesiam

48 3184 199 3251 redirem,
226 3182 382 3239 maledicta
410 3174 606 3251 revocarem,
632 3183 805 3254 exemplum
823 3182 897 3238 mihi
923 3199 1098 3255 proponens

47 3277 176 3334 Abbatis
197 3276 350 3333 Joechimi
377 3277 562 3347 Florentini,
596 3278 646 3349 qni
674 3278 778 3332 eodem
801 3278 916 3333 ratione
953 3280 1100 3336 meruerit

46 3386 108 3426 nou
126 3386 194 3426 esse
210 3371 390 3439 hereticus,
415 3372 486 3428 licet
503 3372 645 3427 haeretics
663 3371 798 3427 dixisset.
841 3370 961 3427 Deinde
981 3372 1098 3426 dissue.
1196 3405 1199 3409 -

46 3465 86 3520 sit
111 3464 206 3520 homo
233 3465 455 3534 suavissimus,
494 3482 532 3520 ne
558 3467 707 3522 rationem
739 3466 889 3521 dictorum
919 3466 1096 3522 redderem:

44 3557 155 3626 vultis,
173 3558 289 3628 inquit,
306 3551 464 3615 hastiludia
480 3560 600 3615 facere?
626 3558 760 3615 breviter
779 3559 871 3615 Itulus
889 3569 935 3614 est
954 3570 984 3613 et
1002 3558 1095 3613 ltslus

45 3642 179 3705 numet.‘¹
190 3649 206 3715 )
240 3649 306 3718 Ego
322 3667 396 3708 vero
413 3654 491 3708 dixi:
510 3654 535 3709 si
554 3663 663 3724 potero
681 3653 802 3722 doceri,
821 3653 906 3709 aliter
924 3668 941 3706 s
958 3667 1007 3706 rue
1027 3666 1096 3708 esse

95 3808 127 3857 a)
156 3803 226 3851 cod.
241 3804 308 3857 leo.
328 3803 467 3855 defecerim.

96 3883 130 3935 b)
157 3882 416 3936 Coelen-ime.

94 3964 129 4010 cl
155 3959 230 4007 cod.
250 3960 318 4012 len.
341 3972 515 4020 exspectamus

91 4036 125 4092 d)
151 4037 308 4093 eculeo.
331 4052 463 4099 permanet.
