2574 4732
555 308 649 372 151⁸.
1071 311 1146 382 1st.

80 462 119 520 ab
142 461 320 520 adversariis
337 463 414 520 mels
435 462 554 530 insidias
576 462 672 536 parari
697 464 831 537 videam,
857 484 954 540 neque
973 468 1060 524 facile
1079 486 1131 526 us.

79 574 171 630 quam
194 566 261 612 toto
285 558 393 627 degere
418 558 543 629 possim.
579 557 661 633 Quid
684 558 762 613 enim
783 578 839 630 ego
854 563 945 618 miser
959 571 990 618 et
1005 562 1130 620 homilis

78 652 249 708 monachus
269 658 412 724 spercmt
437 653 498 706 imo
516 650 588 723 quid
609 668 670 706 nou
689 651 811 709 timeam
829 654 1035 713 discriminis?
1057 658 1131 729 quid
1175 718 1181 735 ἱ

78 762 143 802 non
163 755 297 800 metuam
320 745 390 799 mali
415 743 452 797 ab
479 744 592 801 aemulis
611 746 712 802 meis?
745 763 814 801 cum
838 762 878 804 nc
900 747 1131 806 illustrissimam

80 841 201 913 quidem
227 850 311 895 tuam
332 838 604 911 Domiuationem,
634 840 771 910 quamvis
798 848 916 896 tentum
938 841 1129 915 Principem,

79 943 199 991 tantum
220 932 353 988 Romani
366 932 488 1004 Imperii
509 933 587 988 sacri
604 930 796 1002 Electorem,
819 941 935 989 tantum
956 933 1130 994 Christianus

80 1027 236 1099 religionis
254 1027 425 1091 cultorem,
444 1044 506 1082 non
524 1026 662 1083 dubitent
679 1028 720 1082 ita
738 1029 892 1097 insigniter
909 1029 1081 1099 offendero,
1095 1044 1133 1089 nt

79 1123 177 1177 multo
194 1121 320 1177 meliora
338 1121 449 1177 merito
466 1120 571 1177 minari
588 1121 766 1190 videantur,
786 1123 890 1178 nescio
909 1138 1000 1195 quam
1014 1123 1133 1181 calami.

81 1224 191 1279 tatem,
210 1215 265 1271 nisi
285 1230 333 1269 me
352 1215 399 1269 vel
420 1215 450 1269 in
467 1214 575 1270 urbem
592 1216 710 1280 mittat,
729 1215 778 1270 vel
795 1233 813 1271 e
831 1216 922 1273 terris
940 1216 1003 1274 suis
1022 1216 1133 1288 ejiciat.

158 1308 374 1382 Quapropter,
402 1326 439 1364 ns
465 1309 615 1365 illustriss.
646 1317 705 1365 ture
728 1309 940 1367 Dominutioni
972 1312 1133 1384 quicquam

81 1420 151 1459 meo
176 1404 296 1458 nomine
317 1403 385 1457 mali
415 1397 519 1474 (quod
541 1404 664 1459 minime
691 1406 826 1460 omnium
850 1403 967 1473 velim)
999 1408 1132 1464 accidat:

83 1515 155 1553 ecce
180 1498 319 1566 regiones
346 1506 413 1552 tuas
440 1496 597 1569 relinquo,
621 1498 738 1567 iturus,
764 1516 826 1570 quo
846 1498 933 1555 Deus
957 1501 1133 1558 misericors

82 1592 232 1659 voluerit,
251 1601 281 1646 et
302 1591 366 1662 ejus
386 1590 490 1647 divinas
508 1592 654 1647 voluntati
672 1592 769 1646 mein
785 1607 908 1647 omnem
930 1595 1132 1664 permissurus

83 1694 233 1740 eventum.
275 1683 360 1739 Nihil
394 1685 473 1738 enim
504 1685 604 1739 nrinus
627 1698 762 1755 sequor,
787 1701 877 1756 quam
904 1695 939 1741 ut
969 1689 1129 1759 quisquam

82 1779 255 1835 mortalium
275 1792 342 1832 mea
364 1792 452 1833 causa
483 1768 618 1848 (nedum
638 1776 839 1834 illustrissima
863 1778 1040 1845 Dominatip
1061 1781 1133 1853 tua)

81 1873 130 1926 vel
149 1871 179 1926 in
197 1872 357 1940 invidiam,
377 1872 428 1926 vel
449 1870 478 1925 in
497 1869 665 1939 periculum
683 1870 804 1943 aliquod
822 1873 996 1932 adducatur.

152 1963 380 2038 Quamobrem,
398 1964 599 2020 illustrissime
615 1963 782 2036 Princeps,
802 1967 1033 2022 illustrissimam
1051 1978 1134 2025 tuam

22 2082 26 2089 ·
82 2058 331 2113 Dominationem
351 2068 528 2114 reverenter
541 2059 662 2121 saluto,
683 2059 770 2129 eique
790 2060 968 2129 simpliciter
984 2061 1134 2133 valedico,

82 2152 192 2221 gratias
208 2152 393 2208 immortales
412 2169 468 2224 pro
483 2152 622 2208 omnibus
638 2153 699 2208 suis
715 2152 868 2209 beneficiis
884 2170 954 2223 erga
970 2171 1134 2226 mergens.

82 2243 148 2313 Ego
163 2245 241 2300 enim
260 2245 431 2316 ubicunque
449 2246 665 2316 stupentium,
685 2247 891 2303 illustrissimae
908 2247 1133 2307 Dominationis

82 2350 141 2393 tuae
162 2356 313 2411 nunquam
340 2357 402 2395 non
424 2358 477 2396 ero
500 2356 633 2408 memor,
660 2342 779 2398 futurus
797 2358 918 2413 semper
942 2343 1079 2401 sincerus
1103 2353 1135 2400 et

83 2444 184 2501 gratus
201 2452 258 2504 pro
276 2445 327 2490 tua
347 2446 377 2490 et
395 2446 522 2491 tuorum
541 2436 684 2490 felicitate
702 2446 855 2507 precator.

150 2525 269 2595 Porro,
288 2530 370 2600 quod
392 2531 432 2584 ait
452 2530 719 2585 reverendissimus
735 2529 889 2585 Dominus
909 2529 1059 2600 Legatus,
1086 2547 1135 2586 re.

83 2619 397 2676 verendum'Patrem
421 2622 575 2678 Vicarium
589 2623 692 2679 vabiise
715 2623 874 2678 insalutato
896 2623 1039 2693 bospite:
1064 2626 1136 2694 quid

83 2713 147 2767 hoc
162 2714 197 2766 ad
212 2714 442 2769 illustrissimam
456 2717 703 2772 Dominationem
718 2719 819 2772 tuam?
837 2716 975 2772 Vicarius
992 2734 1053 2772 non
1072 2728 1137 2772 erat
1214 2739 1220 2748 ·

84 2816 227 2862 vocatus:
245 2809 317 2864 nihil
337 2811 372 2864 ad
390 2827 459 2864 eum
478 2826 567 2865 causa
585 2811 641 2865 ista
660 2810 847 2882 pertinebat:
866 2819 986 2878 poterat
1007 2812 1069 2877 ire,
1088 2828 1137 2866 re.

84 2901 164 2962 dire,
185 2901 284 2969 abire,
302 2904 424 2972 venire,
442 2904 523 2958 omni
543 2903 636 2970 horu,
655 2917 689 2957 ut
708 2902 816 2963 voluit.
850 2904 899 2957 An
922 2903 1011 2958 etiam
1033 2914 1136 2977 portas

85 2996 226 3061 Augustae
256 2996 491 3065 ingredientibus
520 3005 551 3052 et
575 2995 795 3065 egredientibus
815 3007 941 3068 propter
959 3012 1009 3052 mc
1037 2998 1136 3055 claudi

86 3088 265 3156 oportebat?
286 3089 342 3144 Sed
361 3092 471 3152 timeo,
497 3090 579 3163 quod
599 3091 798 3161 undecunque
812 3091 991 3145 corradatur
1007 3100 1038 3148 et
1054 3109 1135 3164 quan.

87 3191 169 3236 ratur
184 3198 273 3237 causa
292 3194 397 3238 contra
417 3201 476 3239 me.
519 3184 655 3239 Necesse
682 3192 728 3238 est
749 3183 828 3237 enim
847 3185 938 3255 quaeri
958 3202 1076 3240 causam
1099 3186 1136 3243 ab

87 3290 143 3342 eo,
161 3277 209 3346 qui
229 3279 292 3351 vult
311 3278 424 3332 habere
442 3295 580 3345 causam,
598 3278 648 3332 u'bi
667 3265 777 3332 nullam
795 3277 888 3333 habet
905 3295 1036 3334 causam.

153 3369 209 3435 Sed
226 3370 289 3438 jam
312 3371 447 3438 ignoscat
468 3372 668 3427 illustrissima
687 3371 863 3427 Dominatio
884 3383 934 3429 tna
952 3371 1133 3430 verbosissi.

86 3462 142 3517 mis
163 3465 249 3532 nugis
278 3467 364 3520 meis.
407 3465 473 3535 Ego
494 3467 592 3520 adhuc
615 3467 710 3534 gratia
728 3466 787 3521 Dei
808 3467 944 3536 gaudeo,
976 3475 1006 3522 et
1028 3470 1137 3537 gratias

87 3572 161 3624 ago,
192 3557 271 3627 quod
300 3558 439 3615 Christus
462 3559 522 3613 Dei
543 3559 621 3615 iilius
639 3561 669 3615 in
692 3571 752 3614 tam
769 3571 871 3616 sancta
894 3578 984 3618 cansa
1007 3579 1056 3618 me
1076 3564 1137 3635 pati

88 3650 209 3719 dignum
225 3651 426 3722 judicaverit,
445 3656 495 3725 qui
517 3665 678 3710 conservet
695 3651 925 3712 illustrissimam
944 3656 1139 3711 Dominatio.

87 3760 156 3798 nem
185 3753 266 3799 tuam
297 3747 327 3801 in
352 3757 519 3817 aeternum,
550 3752 658 3805 Amen.
698 3751 743 3809 29.
761 3748 969 3817 Novembris,
992 3748 1139 3803 Wittcm.

86 3837 202 3907 bergae,
223 3855 299 3895 anno
317 3840 499 3897 Mvattt.

152 3933 362 3990 illustrissimae
381 3935 603 3993 Dominationis
621 3945 678 3992 tuae
696 3945 838 4006 precator
855 3937 992 4005 indignus

587 4030 620 4085 F.
639 4028 791 4084 Martinus
810 4030 989 4097 Lutherus,
1008 4030 1136 4100 August.
